<?xml version="1.0" encoding="UTF-8"?>
<!DOCTYPE html PUBLIC "-//W3C//DTD XHTML 1.0 Transitional//EN"
    "http://www.w3.org/TR/xhtml1/DTD/xhtml1-transitional.dtd">
<html xmlns="http://www.w3.org/1999/xhtml" xml:lang="en" lang="en">
 <head>
  <title>
</title>
<meta http-equiv="Content-Type" content="text/html;charset=utf-8" />
  <meta name='ocr-system' content='tesseract 3.04.00' />
  <meta name='ocr-capabilities' content='ocr_page ocr_carea ocr_par ocr_line ocrx_word'/>
</head>
<body>
  <div class='ocr_page' id='page_1' title='image "./mantoniimuretis00freygoog_0064.png"; bbox 0 0 2360 3944; ppageno 0'>
   <div class='ocr_carea' id='block_1_1' title="bbox 413 176 980 245">
    <p class='ocr_par' dir='ltr' id='par_1_1' title="bbox 413 176 980 245">
     <span class='ocr_line' id='line_1_1' title="bbox 413 176 980 245; baseline 0.007 -14"><span class='ocrx_word' id='word_1_1' title='bbox 413 176 548 232; x_wconf 83' lang='lat' dir='ltr'><strong>ORATIO</strong></span> <span class='ocrx_word' id='word_1_2' title='bbox 566 177 600 232; x_wconf 83' lang='lat' dir='ltr'><strong>V.</strong></span> <span class='ocrx_word' id='word_1_3' title='bbox 939 181 980 245; x_wconf 83' lang='lat'><strong>51</strong></span> 
     </span>
    </p>
   </div>
   <div class='ocr_carea' id='block_1_2' title="bbox 29 319 986 3664">
    <p class='ocr_par' dir='ltr' id='par_1_2' title="bbox 29 319 986 3664">
     <span class='ocr_line' id='line_1_2' title="bbox 73 319 986 411; baseline 0.009 -29"><span class='ocrx_word' id='word_1_4' title='bbox 73 319 218 404; x_wconf 85' lang='lat' dir='ltr'><strong>lenonibus,</strong></span> <span class='ocrx_word' id='word_1_5' title='bbox 234 321 395 408; x_wconf 70' lang='lat' dir='ltr'><strong>parasitis,</strong></span> <span class='ocrx_word' id='word_1_6' title='bbox 409 322 629 388; x_wconf 77' lang='lat' dir='ltr'>adulatoribus</span> <span class='ocrx_word' id='word_1_7' title='bbox 643 325 781 408; x_wconf 91' lang='lat' dir='ltr'><strong>plurima</strong></span> <span class='ocrx_word' id='word_1_8' title='bbox 794 326 986 411; x_wconf 87' lang='lat' dir='ltr'><strong>largiuntur,</strong></span> 
     </span>
     <span class='ocr_line' id='line_1_3' title="bbox 72 410 986 498; baseline 0.011 -29"><span class='ocrx_word' id='word_1_9' title='bbox 72 410 94 469; x_wconf 87' lang='lat' dir='ltr'><strong>et</strong></span> <span class='ocrx_word' id='word_1_10' title='bbox 110 429 156 472; x_wconf 87' lang='lat' dir='ltr'><strong>suo</strong></span> <span class='ocrx_word' id='word_1_11' title='bbox 172 413 202 472; x_wconf 89' lang='lat' dir='ltr'><strong>et</strong></span> <span class='ocrx_word' id='word_1_12' title='bbox 216 411 389 475; x_wconf 88' lang='lat' dir='ltr'><strong>multorum</strong></span> <span class='ocrx_word' id='word_1_13' title='bbox 406 411 524 475; x_wconf 91' lang='lat' dir='ltr'><strong>iudicio</strong></span> <span class='ocrx_word' id='word_1_14' title='bbox 545 412 611 476; x_wconf 87' lang='lat' dir='ltr'><strong>sint</strong></span> <span class='ocrx_word' id='word_1_15' title='bbox 632 413 873 498; x_wconf 79' lang='lat' dir='ltr'><strong>liberales;·cur</strong></span> <span class='ocrx_word' id='word_1_16' title='bbox 891 413 986 480; x_wconf 90' lang='lat' dir='ltr'><strong>multi</strong></span> 
     </span>
     <span class='ocr_line' id='line_1_4' title="bbox 71 495 986 584; baseline 0.01 -27"><span class='ocrx_word' id='word_1_17' title='bbox 71 495 188 580; x_wconf 83' lang='lat' dir='ltr'><strong>restricti,</strong></span> <span class='ocrx_word' id='word_1_18' title='bbox 205 500 344 583; x_wconf 90' lang='lat' dir='ltr'><strong>tenaces,</strong></span> <span class='ocrx_word' id='word_1_19' title='bbox 365 499 498 583; x_wconf 83' lang='lat' dir='ltr'>sordidi,</span> <span class='ocrx_word' id='word_1_20' title='bbox 517 500 572 583; x_wconf 91' lang='lat' dir='ltr'><strong>qui</strong></span> <span class='ocrx_word' id='word_1_21' title='bbox 591 500 718 565; x_wconf 78' lang='lat' dir='ltr'><strong>facilius</strong></span> <span class='ocrx_word' id='word_1_22' title='bbox 738 501 904 584; x_wconf 88' lang='lat' dir='ltr'><strong>patiantur</strong></span> <span class='ocrx_word' id='word_1_23' title='bbox 924 503 986 568; x_wconf 92' lang='lat' dir='ltr'><strong>sibi</strong></span> 
     </span>
     <span class='ocr_line' id='line_1_5' title="bbox 70 583 984 673; baseline 0.011 -27"><span class='ocrx_word' id='word_1_24' title='bbox 70 583 166 647; x_wconf 82' lang='lat' dir='ltr'><strong>dentem</strong></span> <span class='ocrx_word' id='word_1_25' title='bbox 185 607 280 650; x_wconf 91' lang='lat' dir='ltr'><strong>unum</strong></span> <span class='ocrx_word' id='word_1_26' title='bbox 301 609 340 650; x_wconf 88' lang='lat' dir='ltr'><strong>ex</strong></span> <span class='ocrx_word' id='word_1_27' title='bbox 358 609 413 652; x_wconf 90' lang='lat' dir='ltr'><strong>ore</strong></span> <span class='ocrx_word' id='word_1_28' title='bbox 435 589 552 673; x_wconf 86' lang='lat' dir='ltr'><strong>excuti,</strong></span> <span class='ocrx_word' id='word_1_29' title='bbox 573 609 671 672; x_wconf 90' lang='lat' dir='ltr'><strong>quam</strong></span> <span class='ocrx_word' id='word_1_30' title='bbox 692 611 859 654; x_wconf 90' lang='lat' dir='ltr'><strong>nummum</strong></span> <span class='ocrx_word' id='word_1_31' title='bbox 882 591 984 656; x_wconf 85' lang='lat' dir='ltr'><strong>unuin</strong></span> 
     </span>
     <span class='ocr_line' id='line_1_6' title="bbox 70 676 983 762; baseline 0.01 -29"><span class='ocrx_word' id='word_1_32' title='bbox 70 693 95 733; x_wconf 84' lang='lat' dir='ltr'><strong>ex</strong></span> <span class='ocrx_word' id='word_1_33' title='bbox 112 693 171 740; x_wconf 88' lang='lat' dir='ltr'><strong>arca</strong></span> <span class='ocrx_word' id='word_1_34' title='bbox 190 676 320 759; x_wconf 79' lang='lat' dir='ltr'><strong>moueri,</strong></span> <span class='ocrx_word' id='word_1_35' title='bbox 342 677 558 759; x_wconf 86' lang='lat' dir='ltr'><strong>parsimoniae</strong></span> <span class='ocrx_word' id='word_1_36' title='bbox 581 699 619 741; x_wconf 89' lang='lat' dir='ltr'><strong>ac</strong></span> <span class='ocrx_word' id='word_1_37' title='bbox 641 677 839 762; x_wconf 80' lang='lat' dir='ltr'><strong>frugalitatis</strong></span> <span class='ocrx_word' id='word_1_38' title='bbox 863 701 983 744; x_wconf 89' lang='lat' dir='ltr'><strong>nomen</strong></span> 
     </span>
     <span class='ocr_line' id='line_1_7' title="bbox 68 760 984 850; baseline 0.009 -28"><span class='ocrx_word' id='word_1_39' title='bbox 68 760 156 844; x_wconf 80' lang='lat' dir='ltr'><strong>lerant3</strong></span> <span class='ocrx_word' id='word_1_40' title='bbox 188 783 241 826; x_wconf 92' lang='lat' dir='ltr'><strong>cur</strong></span> <span class='ocrx_word' id='word_1_41' title='bbox 271 767 339 826; x_wconf 91' lang='lat' dir='ltr'><strong>tam</strong></span> <span class='ocrx_word' id='word_1_42' title='bbox 370 765 465 829; x_wconf 89' lang='lat' dir='ltr'><strong>multi</strong></span> <span class='ocrx_word' id='word_1_43' title='bbox 496 766 537 829; x_wconf 88' lang='lat' dir='ltr'><strong>ad</strong></span> <span class='ocrx_word' id='word_1_44' title='bbox 569 765 752 830; x_wconf 90' lang='lat' dir='ltr'><strong>audendum</strong></span> <span class='ocrx_word' id='word_1_45' title='bbox 783 767 918 850; x_wconf 89' lang='lat' dir='ltr'><strong>proiecti</strong></span> <span class='ocrx_word' id='word_1_46' title='bbox 951 772 984 831; x_wconf 89' lang='lat' dir='ltr'><strong>et</strong></span> 
     </span>
     <span class='ocr_line' id='line_1_8' title="bbox 68 850 984 939; baseline 0.011 -31"><span class='ocrx_word' id='word_1_47' title='bbox 68 850 192 913; x_wconf 78' lang='lat' dir='ltr'><strong>bnerarii</strong></span> <span class='ocrx_word' id='word_1_48' title='bbox 220 853 483 918; x_wconf 88' lang='lat' dir='ltr'><strong>commendentur</strong></span> <span class='ocrx_word' id='word_1_49' title='bbox 513 876 572 937; x_wconf 92' lang='lat' dir='ltr'><strong>pro</strong></span> <span class='ocrx_word' id='word_1_50' title='bbox 604 853 758 939; x_wconf 87' lang='lat' dir='ltr'><strong>fortibus,</strong></span> <span class='ocrx_word' id='word_1_51' title='bbox 790 857 858 918; x_wconf 90' lang='lat' dir='ltr'><strong>tam</strong></span> <span class='ocrx_word' id='word_1_52' title='bbox 890 856 984 918; x_wconf 91' lang='lat' dir='ltr'><strong>multi</strong></span> 
     </span>
     <span class='ocr_line' id='line_1_9' title="bbox 29 935 984 1027; baseline 0.009 -29"><span class='ocrx_word' id='word_1_53' title='bbox 29 995 30 998; x_wconf 74' lang='grc'>,</span> <span class='ocrx_word' id='word_1_54' title='bbox 67 935 142 1000; x_wconf 83' lang='lat' dir='ltr'><strong>timidi</strong></span> <span class='ocrx_word' id='word_1_55' title='bbox 161 941 190 1002; x_wconf 91' lang='lat' dir='ltr'><strong>et</strong></span> <span class='ocrx_word' id='word_1_56' title='bbox 210 939 319 1025; x_wconf 83' lang='lat' dir='ltr'><strong>ignavi</strong></span> <span class='ocrx_word' id='word_1_57' title='bbox 345 963 405 1025; x_wconf 93' lang='lat' dir='ltr'><strong>pro</strong></span> <span class='ocrx_word' id='word_1_58' title='bbox 429 942 531 1006; x_wconf 88' lang='lat' dir='ltr'><strong>cautis</strong></span> <span class='ocrx_word' id='word_1_59' title='bbox 560 946 593 1005; x_wconf 89' lang='lat' dir='ltr'><strong>ct</strong></span> <span class='ocrx_word' id='word_1_60' title='bbox 622 943 833 1007; x_wconf 72' lang='lat' dir='ltr'><strong>consideratis</strong></span> <span class='ocrx_word' id='word_1_61' title='bbox 860 943 984 1027; x_wconf 89' lang='lat' dir='ltr'><strong>praedi-</strong></span> 
     </span>
     <span class='ocr_line' id='line_1_10' title="bbox 68 1025 984 1116; baseline 0.01 -31"><span class='ocrx_word' id='word_1_62' title='bbox 68 1027 156 1088; x_wconf 87' lang='lat' dir='ltr'><strong>centur.</strong></span> <span class='ocrx_word' id='word_1_63' title='bbox 188 1025 291 1102; x_wconf 79' lang='lat' dir='ltr'><strong>Quid?</strong></span> <span class='ocrx_word' id='word_1_64' title='bbox 310 1029 611 1096; x_wconf 86' lang='lat' dir='ltr'><strong>iurisconsultorum</strong></span> <span class='ocrx_word' id='word_1_65' title='bbox 624 1032 753 1116; x_wconf 88' lang='lat' dir='ltr'><strong>vigiliae</strong></span> <span class='ocrx_word' id='word_1_66' title='bbox 771 1033 807 1096; x_wconf 88' lang='lat' dir='ltr'><strong>in</strong></span> <span class='ocrx_word' id='word_1_67' title='bbox 826 1053 889 1116; x_wconf 91' lang='lat' dir='ltr'><strong>quo</strong></span> <span class='ocrx_word' id='word_1_68' title='bbox 910 1052 984 1096; x_wconf 92' lang='lat' dir='ltr'><strong>con·</strong></span> 
     </span>
     <span class='ocr_line' id='line_1_11' title="bbox 29 1117 984 1204; baseline 0.008 -28"><span class='ocrx_word' id='word_1_69' title='bbox 29 1181 30 1190; x_wconf 8' lang='grc' dir='ltr'>χ</span> <span class='ocrx_word' id='word_1_70' title='bbox 67 1117 212 1199; x_wconf 73' lang='lat' dir='ltr'><strong>munau,</strong></span> <span class='ocrx_word' id='word_1_71' title='bbox 235 1117 312 1200; x_wconf 93' lang='lat' dir='ltr'><strong>quid</strong></span> <span class='ocrx_word' id='word_1_72' title='bbox 335 1121 483 1202; x_wconf 87' lang='lat' dir='ltr'><strong>spectant</strong></span> <span class='ocrx_word' id='word_1_73' title='bbox 506 1140 616 1183; x_wconf 90' lang='lat' dir='ltr'><strong>eorum</strong></span> <span class='ocrx_word' id='word_1_74' title='bbox 638 1120 778 1204; x_wconf 88' lang='lat' dir='ltr'><strong>labores,</strong></span> <span class='ocrx_word' id='word_1_75' title='bbox 806 1120 927 1204; x_wconf 89' lang='lat' dir='ltr'><strong>quain</strong></span> <span class='ocrx_word' id='word_1_76' title='bbox 949 1141 984 1184; x_wconf 90' lang='lat' dir='ltr'><strong>re</strong></span> 
     </span>
     <span class='ocr_line' id='line_1_12' title="bbox 67 1203 984 1293; baseline 0.011 -31"><span class='ocrx_word' id='word_1_77' title='bbox 67 1221 146 1265; x_wconf 86' lang='lat' dir='ltr'><strong>comm</strong></span> <span class='ocrx_word' id='word_1_78' title='bbox 162 1205 342 1270; x_wconf 90' lang='lat' dir='ltr'><strong>acutissima</strong></span> <span class='ocrx_word' id='word_1_79' title='bbox 361 1203 548 1272; x_wconf 75' lang='lat' dir='ltr'><strong>exercentur</strong></span> <span class='ocrx_word' id='word_1_80' title='bbox 568 1208 713 1293; x_wconf 81' lang='lat' dir='ltr'><strong>ingenia,</strong></span> <span class='ocrx_word' id='word_1_81' title='bbox 734 1209 799 1276; x_wconf 89' lang='lat' dir='ltr'><strong>nisi</strong></span> <span class='ocrx_word' id='word_1_82' title='bbox 821 1213 859 1272; x_wconf 93' lang='lat' dir='ltr'><strong>ut</strong></span> <span class='ocrx_word' id='word_1_83' title='bbox 877 1208 984 1273; x_wconf 82' lang='lat' dir='ltr'><strong>videre</strong></span> 
     </span>
     <span class='ocr_line' id='line_1_13' title="bbox 29 1290 984 1380; baseline 0.009 -29"><span class='ocrx_word' id='word_1_84' title='bbox 29 1319 30 1322; x_wconf 38' lang='lat'>¹</span> <span class='ocrx_word' id='word_1_85' title='bbox 67 1309 91 1351; x_wconf 83' lang='lat' dir='ltr'><strong>ac</strong></span> <span class='ocrx_word' id='word_1_86' title='bbox 113 1290 268 1358; x_wconf 84' lang='lat' dir='ltr'><strong>diiudicare</strong></span> <span class='ocrx_word' id='word_1_87' title='bbox 298 1296 438 1380; x_wconf 85' lang='lat' dir='ltr'><strong>possint,</strong></span> <span class='ocrx_word' id='word_1_88' title='bbox 470 1295 547 1380; x_wconf 92' lang='lat' dir='ltr'><strong>quid</strong></span> <span class='ocrx_word' id='word_1_89' title='bbox 577 1296 613 1360; x_wconf 94' lang='lat' dir='ltr'><strong>in</strong></span> <span class='ocrx_word' id='word_1_90' title='bbox 643 1318 769 1380; x_wconf 91' lang='lat' dir='ltr'><strong>quaque</strong></span> <span class='ocrx_word' id='word_1_91' title='bbox 798 1318 834 1360; x_wconf 89' lang='lat' dir='ltr'><strong>re</strong></span> <span class='ocrx_word' id='word_1_92' title='bbox 863 1297 984 1360; x_wconf 90' lang='lat' dir='ltr'><strong>iustum</strong></span> 
     </span>
     <span class='ocr_line' id='line_1_14' title="bbox 29 1376 984 1470; baseline 0.009 -31"><span class='ocrx_word' id='word_1_93' title='bbox 29 1401 30 1422; x_wconf 69' lang='lat'>³</span> <span class='ocrx_word' id='word_1_94' title='bbox 66 1376 221 1447; x_wconf 87' lang='lat' dir='ltr'><strong>iniustumve</strong></span> <span class='ocrx_word' id='word_1_95' title='bbox 248 1383 312 1448; x_wconf 79' lang='lat' dir='ltr'><strong>sit?</strong></span> <span class='ocrx_word' id='word_1_96' title='bbox 351 1382 429 1448; x_wconf 89' lang='lat' dir='ltr'><strong>Non</strong></span> <span class='ocrx_word' id='word_1_97' title='bbox 451 1385 552 1470; x_wconf 79' lang='lat' dir='ltr'><strong>igitur</strong></span> <span class='ocrx_word' id='word_1_98' title='bbox 578 1388 616 1448; x_wconf 91' lang='lat' dir='ltr'><strong>ut</strong></span> <span class='ocrx_word' id='word_1_99' title='bbox 641 1385 778 1449; x_wconf 91' lang='lat' dir='ltr'><strong>nimium</strong></span> <span class='ocrx_word' id='word_1_100' title='bbox 804 1384 909 1448; x_wconf 88' lang='lat' dir='ltr'><strong>facilis</strong></span> <span class='ocrx_word' id='word_1_101' title='bbox 932 1384 984 1448; x_wconf 87' lang='lat' dir='ltr'><strong>de-</strong></span> 
     </span>
     <span class='ocr_line' id='line_1_15' title="bbox 29 1465 985 1557; baseline 0.009 -30"><span class='ocrx_word' id='word_1_102' title='bbox 29 1479 31 1498; x_wconf 79' lang='lat'>²</span> <span class='ocrx_word' id='word_1_103' title='bbox 67 1465 192 1548; x_wconf 79' lang='lat' dir='ltr'><strong>spiciendo</strong></span> <span class='ocrx_word' id='word_1_104' title='bbox 217 1476 266 1537; x_wconf 87' lang='lat' dir='ltr'><strong>est</strong></span> <span class='ocrx_word' id='word_1_105' title='bbox 296 1493 348 1536; x_wconf 88' lang='lat' dir='ltr'><strong>ars</strong></span> <span class='ocrx_word' id='word_1_106' title='bbox 376 1493 428 1557; x_wconf 88' lang='lat' dir='ltr'><strong>ca,</strong></span> <span class='ocrx_word' id='word_1_107' title='bbox 455 1495 537 1557; x_wconf 88' lang='lat' dir='ltr'><strong>quac</strong></span> <span class='ocrx_word' id='word_1_108' title='bbox 564 1473 721 1538; x_wconf 81' lang='lat' dir='ltr'><strong>virtutum</strong></span> <span class='ocrx_word' id='word_1_109' title='bbox 748 1473 893 1537; x_wconf 89' lang='lat' dir='ltr'><strong>omnium</strong></span> <span class='ocrx_word' id='word_1_110' title='bbox 919 1473 985 1536; x_wconf 81' lang='lat' dir='ltr'><strong>vim</strong></span> 
     </span>
     <span class='ocr_line' id='line_1_16' title="bbox 29 1557 984 1647; baseline 0.003 -25"><span class='ocrx_word' id='word_1_111' title='bbox 29 1629 30 1638; x_wconf 8' lang='grc' dir='ltr'>χ</span> <span class='ocrx_word' id='word_1_112' title='bbox 66 1557 237 1644; x_wconf 76' lang='lat' dir='ltr'><strong>nutrramque</strong></span> <span class='ocrx_word' id='word_1_113' title='bbox 263 1563 455 1647; x_wconf 86' lang='lat' dir='ltr'><strong>pertractat,</strong></span> <span class='ocrx_word' id='word_1_114' title='bbox 484 1583 558 1626; x_wconf 91' lang='lat' dir='ltr'><strong>cum</strong></span> <span class='ocrx_word' id='word_1_115' title='bbox 584 1562 620 1625; x_wconf 94' lang='lat' dir='ltr'><strong>in</strong></span> <span class='ocrx_word' id='word_1_116' title='bbox 641 1583 707 1626; x_wconf 92' lang='lat' dir='ltr'><strong>una</strong></span> <span class='ocrx_word' id='word_1_117' title='bbox 724 1561 844 1626; x_wconf 69' lang='lat' dir='ltr'><strong>rirtide</strong></span> <span class='ocrx_word' id='word_1_118' title='bbox 866 1581 984 1646; x_wconf 79' lang='lat' dir='ltr'><strong>cogno-</strong></span> 
     </span>
     <span class='ocr_line' id='line_1_17' title="bbox 29 1641 984 1735; baseline 0.01 -31"><span class='ocrx_word' id='word_1_119' title='bbox 29 1641 30 1648; x_wconf 73' lang='grc'>’</span> <span class='ocrx_word' id='word_1_120' title='bbox 67 1645 151 1709; x_wconf 79' lang='lat' dir='ltr'><strong>suenda</strong></span> <span class='ocrx_word' id='word_1_121' title='bbox 173 1648 335 1714; x_wconf 84' lang='lat' dir='ltr'><strong>videamus</strong></span> <span class='ocrx_word' id='word_1_122' title='bbox 362 1653 430 1714; x_wconf 88' lang='lat' dir='ltr'><strong>tam</strong></span> <span class='ocrx_word' id='word_1_123' title='bbox 457 1650 513 1714; x_wconf 90' lang='lat' dir='ltr'><strong>diu</strong></span> <span class='ocrx_word' id='word_1_124' title='bbox 542 1650 637 1714; x_wconf 88' lang='lat' dir='ltr'><strong>tanta</strong></span> <span class='ocrx_word' id='word_1_125' title='bbox 664 1650 832 1735; x_wconf 85' lang='lat' dir='ltr'><strong>diligentia</strong></span> <span class='ocrx_word' id='word_1_126' title='bbox 858 1649 900 1714; x_wconf 91' lang='lat' dir='ltr'><strong>ab</strong></span> <span class='ocrx_word' id='word_1_127' title='bbox 926 1649 984 1714; x_wconf 92' lang='lat' dir='ltr'><strong>ho·</strong></span> 
     </span>
     <span class='ocr_line' id='line_1_18' title="bbox 66 1731 984 1824; baseline 0.005 -28"><span class='ocrx_word' id='word_1_128' title='bbox 66 1731 168 1799; x_wconf 81' lang='lat' dir='ltr'><strong>minibus</strong></span> <span class='ocrx_word' id='word_1_129' title='bbox 190 1759 315 1802; x_wconf 91' lang='lat' dir='ltr'><strong>summo</strong></span> <span class='ocrx_word' id='word_1_130' title='bbox 343 1739 475 1824; x_wconf 82' lang='lat' dir='ltr'><strong>ingenio</strong></span> <span class='ocrx_word' id='word_1_131' title='bbox 503 1739 657 1822; x_wconf 90' lang='lat' dir='ltr'><strong>praeditis</strong></span> <span class='ocrx_word' id='word_1_132' title='bbox 683 1739 834 1804; x_wconf 90' lang='lat' dir='ltr'><strong>laborari.</strong></span> <span class='ocrx_word' id='word_1_133' title='bbox 878 1737 984 1802; x_wconf 84' lang='lat' dir='ltr'><strong>infor·</strong></span> 
     </span>
     <span class='ocr_line' id='line_1_19' title="bbox 29 1821 984 1911; baseline 0.007 -28"><span class='ocrx_word' id='word_1_134' title='bbox 29 1827 31 1856; x_wconf 80' lang='lat'>⁷</span> <span class='ocrx_word' id='word_1_135' title='bbox 66 1821 136 1885; x_wconf 78' lang='lat' dir='ltr'><strong>navit</strong></span> <span class='ocrx_word' id='word_1_136' title='bbox 151 1826 273 1907; x_wconf 90' lang='lat' dir='ltr'><strong>quidem</strong></span> <span class='ocrx_word' id='word_1_137' title='bbox 293 1830 410 1891; x_wconf 89' lang='lat' dir='ltr'><strong>natura</strong></span> <span class='ocrx_word' id='word_1_138' title='bbox 431 1830 464 1892; x_wconf 90' lang='lat' dir='ltr'><strong>et</strong></span> <span class='ocrx_word' id='word_1_139' title='bbox 484 1827 648 1911; x_wconf 88' lang='lat' dir='ltr'><strong>impressit</strong></span> <span class='ocrx_word' id='word_1_140' title='bbox 670 1827 706 1891; x_wconf 93' lang='lat' dir='ltr'><strong>in</strong></span> <span class='ocrx_word' id='word_1_141' title='bbox 729 1827 984 1890; x_wconf 87' lang='lat' dir='ltr'><strong>animisnostris</strong></span> 
     </span>
     <span class='ocr_line' id='line_1_20' title="bbox 29 1907 985 1999; baseline 0.008 -29"><span class='ocrx_word' id='word_1_142' title='bbox 29 1937 30 1942; x_wconf 42' lang='lat'>¹</span> <span class='ocrx_word' id='word_1_143' title='bbox 66 1907 231 1980; x_wconf 77' lang='lat' dir='ltr'><strong>adumbratas</strong></span> <span class='ocrx_word' id='word_1_144' title='bbox 255 1915 413 1999; x_wconf 89' lang='lat' dir='ltr'><strong>quasdam</strong></span> <span class='ocrx_word' id='word_1_145' title='bbox 431 1915 587 1980; x_wconf 83' lang='lat' dir='ltr'><strong>virtutum</strong></span> <span class='ocrx_word' id='word_1_146' title='bbox 610 1919 643 1979; x_wconf 89' lang='lat' dir='ltr'><strong>et</strong></span> <span class='ocrx_word' id='word_1_147' title='bbox 664 1915 818 1980; x_wconf 82' lang='lat' dir='ltr'><strong>vitiorum</strong></span> <span class='ocrx_word' id='word_1_148' title='bbox 840 1914 985 1978; x_wconf 90' lang='lat' dir='ltr'><strong>omnium</strong></span> 
     </span>
     <span class='ocr_line' id='line_1_21' title="bbox 29 1998 984 2086; baseline 0.008 -29"><span class='ocrx_word' id='word_1_149' title='bbox 29 2015 30 2080; x_wconf 46' lang='lat'><em>3</em></span> <span class='ocrx_word' id='word_1_150' title='bbox 66 1998 188 2081; x_wconf 80' lang='lat' dir='ltr'><strong>natones,</strong></span> <span class='ocrx_word' id='word_1_151' title='bbox 211 2004 268 2068; x_wconf 89' lang='lat' dir='ltr'><strong>scd</strong></span> <span class='ocrx_word' id='word_1_152' title='bbox 287 2004 362 2068; x_wconf 89' lang='lat' dir='ltr'><strong>illae</strong></span> <span class='ocrx_word' id='word_1_153' title='bbox 380 2007 506 2068; x_wconf 89' lang='lat' dir='ltr'><strong>tantam</strong></span> <span class='ocrx_word' id='word_1_154' title='bbox 523 2005 590 2069; x_wconf 84' lang='lat' dir='ltr'><strong>vim</strong></span> <span class='ocrx_word' id='word_1_155' title='bbox 607 2025 676 2068; x_wconf 92' lang='lat' dir='ltr'><strong>non</strong></span> <span class='ocrx_word' id='word_1_156' title='bbox 688 2003 825 2086; x_wconf 91' lang='lat' dir='ltr'><strong>habent,</strong></span> <span class='ocrx_word' id='word_1_157' title='bbox 843 2005 881 2066; x_wconf 88' lang='lat' dir='ltr'><strong>ut</strong></span> <span class='ocrx_word' id='word_1_158' title='bbox 900 2002 984 2084; x_wconf 88' lang='lat' dir='ltr'><strong>quis·</strong></span> 
     </span>
     <span class='ocr_line' id='line_1_22' title="bbox 29 2085 985 2176; baseline 0.003 -24"><span class='ocrx_word' id='word_1_159' title='bbox 29 2111 30 2114; x_wconf 44' lang='lat'>¹</span> <span class='ocrx_word' id='word_1_160' title='bbox 65 2103 132 2165; x_wconf 80' lang='lat' dir='ltr'><strong>quan</strong></span> <span class='ocrx_word' id='word_1_161' title='bbox 150 2091 191 2156; x_wconf 92' lang='lat' dir='ltr'><strong>eis</strong></span> <span class='ocrx_word' id='word_1_162' title='bbox 213 2085 320 2156; x_wconf 85' lang='lat' dir='ltr'><strong>fretus</strong></span> <span class='ocrx_word' id='word_1_163' title='bbox 340 2093 498 2158; x_wconf 89' lang='lat' dir='ltr'><strong>confidere</strong></span> <span class='ocrx_word' id='word_1_164' title='bbox 517 2093 648 2176; x_wconf 90' lang='lat' dir='ltr'><strong>debeat,</strong></span> <span class='ocrx_word' id='word_1_165' title='bbox 671 2113 704 2156; x_wconf 87' lang='lat' dir='ltr'><strong>se</strong></span> <span class='ocrx_word' id='word_1_166' title='bbox 728 2092 797 2156; x_wconf 87' lang='lat' dir='ltr'><strong>sine</strong></span> <span class='ocrx_word' id='word_1_167' title='bbox 814 2090 985 2174; x_wconf 79' lang='lat' dir='ltr'><strong>disciplina</strong></span> 
     </span>
     <span class='ocr_line' id='line_1_23' title="bbox 29 2177 984 2266; baseline 0.013 -33"><span class='ocrx_word' id='word_1_168' title='bbox 29 2199 30 2248; x_wconf 72' lang='lat'><em>3</em></span> <span class='ocrx_word' id='word_1_169' title='bbox 64 2192 114 2238; x_wconf 81' lang='lat' dir='ltr'><strong>vere</strong></span> <span class='ocrx_word' id='word_1_170' title='bbox 129 2177 162 2242; x_wconf 89' lang='lat' dir='ltr'><strong>dc</strong></span> <span class='ocrx_word' id='word_1_171' title='bbox 182 2181 279 2246; x_wconf 87' lang='lat' dir='ltr'><strong>rebus</strong></span> <span class='ocrx_word' id='word_1_172' title='bbox 304 2181 489 2264; x_wconf 85' lang='lat' dir='ltr'><strong>expetendis</strong></span> <span class='ocrx_word' id='word_1_173' title='bbox 511 2181 737 2266; x_wconf 83' lang='lat' dir='ltr'><strong>fugiendisque</strong></span> <span class='ocrx_word' id='word_1_174' title='bbox 759 2179 984 2245; x_wconf 81' lang='lat' dir='ltr'><strong>iudicaturum</strong></span> 
     </span>
     <span class='ocr_line' id='line_1_24' title="bbox 64 2257 984 2354; baseline -0.003 -19"><span class='ocrx_word' id='word_1_175' title='bbox 64 2257 170 2334; x_wconf 74' lang='lat' dir='ltr'><strong>Quodsi</strong></span> <span class='ocrx_word' id='word_1_176' title='bbox 190 2291 251 2334; x_wconf 87' lang='lat' dir='ltr'><strong>nos</strong></span> <span class='ocrx_word' id='word_1_177' title='bbox 275 2269 360 2334; x_wconf 91' lang='lat' dir='ltr'><strong>nihil</strong></span> <span class='ocrx_word' id='word_1_178' title='bbox 382 2270 483 2354; x_wconf 86' lang='lat' dir='ltr'><strong>aliud,</strong></span> <span class='ocrx_word' id='word_1_179' title='bbox 509 2271 573 2335; x_wconf 89' lang='lat' dir='ltr'><strong>nisi</strong></span> <span class='ocrx_word' id='word_1_180' title='bbox 594 2270 675 2334; x_wconf 88' lang='lat' dir='ltr'><strong>haec</strong></span> <span class='ocrx_word' id='word_1_181' title='bbox 697 2272 766 2333; x_wconf 87' lang='lat' dir='ltr'><strong>tam</strong></span> <span class='ocrx_word' id='word_1_182' title='bbox 787 2269 881 2333; x_wconf 88' lang='lat' dir='ltr'><strong>utilia</strong></span> <span class='ocrx_word' id='word_1_183' title='bbox 903 2271 984 2333; x_wconf 91' lang='lat' dir='ltr'><strong>tam·</strong></span> 
     </span>
     <span class='ocr_line' id='line_1_25' title="bbox 62 2356 986 2442; baseline 0.005 -27"><span class='ocrx_word' id='word_1_184' title='bbox 62 2369 103 2432; x_wconf 82' lang='lat' dir='ltr'><strong>que</strong></span> <span class='ocrx_word' id='word_1_185' title='bbox 123 2356 269 2422; x_wconf 87' lang='lat' dir='ltr'><strong>salutaria</strong></span> <span class='ocrx_word' id='word_1_186' title='bbox 298 2359 474 2442; x_wconf 88' lang='lat' dir='ltr'><strong>quamlibet</strong></span> <span class='ocrx_word' id='word_1_187' title='bbox 499 2358 588 2423; x_wconf 93' lang='lat' dir='ltr'><strong>nudo</strong></span> <span class='ocrx_word' id='word_1_188' title='bbox 616 2362 649 2423; x_wconf 94' lang='lat' dir='ltr'><strong>et</strong></span> <span class='ocrx_word' id='word_1_189' title='bbox 677 2358 829 2422; x_wconf 88' lang='lat' dir='ltr'><strong>inornato</strong></span> <span class='ocrx_word' id='word_1_190' title='bbox 857 2357 986 2421; x_wconf 91' lang='lat' dir='ltr'><strong>dicendi</strong></span> 
     </span>
     <span class='ocr_line' id='line_1_26' title="bbox 61 2447 985 2531; baseline 0.01 -30"><span class='ocrx_word' id='word_1_191' title='bbox 61 2455 147 2519; x_wconf 82' lang='lat' dir='ltr'><strong>genere</strong></span> <span class='ocrx_word' id='word_1_192' title='bbox 177 2447 392 2531; x_wconf 82' lang='lat' dir='ltr'><strong>traderemus,</strong></span> <span class='ocrx_word' id='word_1_193' title='bbox 428 2447 618 2512; x_wconf 89' lang='lat' dir='ltr'><strong>calumniari</strong></span> <span class='ocrx_word' id='word_1_194' title='bbox 651 2449 762 2512; x_wconf 87' lang='lat' dir='ltr'><strong>tamen</strong></span> <span class='ocrx_word' id='word_1_195' title='bbox 795 2466 891 2510; x_wconf 88' lang='lat' dir='ltr'><strong>nemo</strong></span> <span class='ocrx_word' id='word_1_196' title='bbox 923 2466 985 2510; x_wconf 86' lang='lat' dir='ltr'><strong>nos</strong></span> 
     </span>
     <span class='ocr_line' id='line_1_27' title="bbox 60 2534 984 2619; baseline 0.01 -30"><span class='ocrx_word' id='word_1_197' title='bbox 60 2534 151 2616; x_wconf 87' lang='lat' dir='ltr'><strong>posset,</strong></span> <span class='ocrx_word' id='word_1_198' title='bbox 175 2535 239 2600; x_wconf 86' lang='lat' dir='ltr'><strong>nisi</strong></span> <span class='ocrx_word' id='word_1_199' title='bbox 264 2535 389 2599; x_wconf 85' lang='lat' dir='ltr'><strong>alienae</strong></span> <span class='ocrx_word' id='word_1_200' title='bbox 411 2536 507 2600; x_wconf 90' lang='lat' dir='ltr'><strong>nimis</strong></span> <span class='ocrx_word' id='word_1_201' title='bbox 529 2536 660 2619; x_wconf 88' lang='lat' dir='ltr'><strong>iniquus</strong></span> <span class='ocrx_word' id='word_1_202' title='bbox 683 2535 870 2600; x_wconf 86' lang='lat' dir='ltr'><strong>aestimator</strong></span> <span class='ocrx_word' id='word_1_203' title='bbox 892 2535 984 2598; x_wconf 92' lang='lat' dir='ltr'><strong>indu-</strong></span> 
     </span>
     <span class='ocr_line' id='line_1_28' title="bbox 29 2616 984 2710; baseline 0.005 -28"><span class='ocrx_word' id='word_1_204' title='bbox 29 2633 30 2654; x_wconf 30' lang='lat'>}</span> <span class='ocrx_word' id='word_1_205' title='bbox 61 2616 140 2704; x_wconf 67' lang='lat' dir='ltr'><strong>striae,</strong></span> <span class='ocrx_word' id='word_1_206' title='bbox 163 2627 199 2686; x_wconf 91' lang='lat' dir='ltr'><strong>ut</strong></span> <span class='ocrx_word' id='word_1_207' title='bbox 220 2625 258 2688; x_wconf 92' lang='lat' dir='ltr'><strong>in</strong></span> <span class='ocrx_word' id='word_1_208' title='bbox 281 2625 379 2708; x_wconf 72' lang='lat' dir='ltr'><strong>rebus</strong></span> <span class='ocrx_word' id='word_1_209' title='bbox 400 2624 536 2688; x_wconf 90' lang='lat' dir='ltr'><strong>nimium</strong></span> <span class='ocrx_word' id='word_1_210' title='bbox 558 2624 757 2710; x_wconf 77' lang='lat' dir='ltr'><strong>pervulgatis</strong></span> <span class='ocrx_word' id='word_1_211' title='bbox 780 2627 813 2688; x_wconf 88' lang='lat' dir='ltr'><strong>et</strong></span> <span class='ocrx_word' id='word_1_212' title='bbox 834 2623 984 2687; x_wconf 84' lang='lat' dir='ltr'><strong>facilibus</strong></span> 
     </span>
     <span class='ocr_line' id='line_1_29' title="bbox 59 2711 985 2792; baseline 0.011 -28"><span class='ocrx_word' id='word_1_213' title='bbox 59 2714 207 2792; x_wconf 89' lang='lat' dir='ltr'><strong>occupatos.</strong></span> <span class='ocrx_word' id='word_1_214' title='bbox 261 2711 360 2777; x_wconf 91' lang='lat' dir='ltr'><strong>Nunc</strong></span> <span class='ocrx_word' id='word_1_215' title='bbox 390 2734 463 2778; x_wconf 90' lang='lat' dir='ltr'><strong>cum</strong></span> <span class='ocrx_word' id='word_1_216' title='bbox 492 2717 525 2776; x_wconf 89' lang='lat' dir='ltr'><strong>ct</strong></span> <span class='ocrx_word' id='word_1_217' title='bbox 557 2713 597 2776; x_wconf 89' lang='lat' dir='ltr'><strong>ad</strong></span> <span class='ocrx_word' id='word_1_218' title='bbox 629 2713 773 2777; x_wconf 88' lang='lat' dir='ltr'><strong>salubres</strong></span> <span class='ocrx_word' id='word_1_219' title='bbox 803 2712 985 2776; x_wconf 89' lang='lat' dir='ltr'><strong>animorum</strong></span> 
     </span>
     <span class='ocr_line' id='line_1_30' title="bbox 29 2795 984 2886; baseline 0.008 -30"><span class='ocrx_word' id='word_1_220' title='bbox 29 2841 30 2858; x_wconf 51' lang='lat'>2</span> <span class='ocrx_word' id='word_1_221' title='bbox 59 2795 141 2873; x_wconf 73' lang='lat' dir='ltr'><strong>epulas</strong></span> <span class='ocrx_word' id='word_1_222' title='bbox 166 2801 410 2866; x_wconf 89' lang='lat' dir='ltr'><strong>condimentum</strong></span> <span class='ocrx_word' id='word_1_223' title='bbox 438 2801 608 2886; x_wconf 89' lang='lat' dir='ltr'><strong>sermonis,</strong></span> <span class='ocrx_word' id='word_1_224' title='bbox 638 2805 795 2885; x_wconf 89' lang='lat' dir='ltr'><strong>quantum</strong></span> <span class='ocrx_word' id='word_1_225' title='bbox 823 2800 859 2864; x_wconf 95' lang='lat' dir='ltr'><strong>in</strong></span> <span class='ocrx_word' id='word_1_226' title='bbox 889 2799 984 2864; x_wconf 86' lang='lat' dir='ltr'><strong>nobis</strong></span> 
     </span>
     <span class='ocr_line' id='line_1_31' title="bbox 29 2884 984 2974; baseline 0.009 -33"><span class='ocrx_word' id='word_1_227' title='bbox 29 2925 30 2928; x_wconf 17' lang='grc' dir='ltr'>η</span> <span class='ocrx_word' id='word_1_228' title='bbox 58 2884 100 2965; x_wconf 87' lang='lat' dir='ltr'><strong>cst,</strong></span> <span class='ocrx_word' id='word_1_229' title='bbox 123 2887 330 2954; x_wconf 84' lang='lat' dir='ltr'><strong>adhibeamus</strong></span> <span class='ocrx_word' id='word_1_230' title='bbox 354 2893 387 2954; x_wconf 91' lang='lat' dir='ltr'><strong>et</strong></span> <span class='ocrx_word' id='word_1_231' title='bbox 413 2911 464 2960; x_wconf 87' lang='lat' dir='ltr'><strong>res</strong></span> <span class='ocrx_word' id='word_1_232' title='bbox 493 2893 606 2974; x_wconf 85' lang='lat' dir='ltr'><strong>suapte</strong></span> <span class='ocrx_word' id='word_1_233' title='bbox 633 2894 749 2974; x_wconf 87' lang='lat' dir='ltr'><strong>sponte</strong></span> <span class='ocrx_word' id='word_1_234' title='bbox 775 2889 984 2973; x_wconf 85' lang='lat' dir='ltr'><strong>pulcerrimas</strong></span> 
     </span>
     <span class='ocr_line' id='line_1_32' title="bbox 29 2969 985 3061; baseline -0.003 -19"><span class='ocrx_word' id='word_1_235' title='bbox 29 2987 31 3052; x_wconf 66' lang='lat' dir='ltr'><strong>l</strong></span> <span class='ocrx_word' id='word_1_236' title='bbox 57 2969 105 3034; x_wconf 70' lang='lat' dir='ltr'><strong>llll]</strong></span> <span class='ocrx_word' id='word_1_237' title='bbox 119 2979 467 3058; x_wconf 87' lang='lat' dir='ltr'><strong>praestantissimorum</strong></span> <span class='ocrx_word' id='word_1_238' title='bbox 481 2979 585 3043; x_wconf 90' lang='lat' dir='ltr'><strong>omnis</strong></span> <span class='ocrx_word' id='word_1_239' title='bbox 600 2979 670 3044; x_wconf 80' lang='lat' dir='ltr'><strong>aevi</strong></span> <span class='ocrx_word' id='word_1_240' title='bbox 684 2979 877 3061; x_wconf 88' lang='lat' dir='ltr'><strong>scriptorum</strong></span> <span class='ocrx_word' id='word_1_241' title='bbox 894 2975 985 3040; x_wconf 90' lang='lat' dir='ltr'><strong>testi·</strong></span> 
     </span>
     <span class='ocr_line' id='line_1_33' title="bbox 56 3061 986 3152; baseline 0.002 -26"><span class='ocrx_word' id='word_1_242' title='bbox 56 3061 144 3128; x_wconf 78' lang='lat' dir='ltr'><strong>nonfis</strong></span> <span class='ocrx_word' id='word_1_243' title='bbox 156 3065 272 3132; x_wconf 91' lang='lat' dir='ltr'><strong>fulcire</strong></span> <span class='ocrx_word' id='word_1_244' title='bbox 286 3089 323 3131; x_wconf 89' lang='lat' dir='ltr'><strong>ac</strong></span> <span class='ocrx_word' id='word_1_245' title='bbox 338 3068 559 3152; x_wconf 89' lang='lat' dir='ltr'><strong>corroborare,</strong></span> <span class='ocrx_word' id='word_1_246' title='bbox 571 3071 643 3132; x_wconf 91' lang='lat' dir='ltr'><strong>tum</strong></span> <span class='ocrx_word' id='word_1_247' title='bbox 655 3065 832 3131; x_wconf 86' lang='lat' dir='ltr'><strong>insatiabili</strong></span> <span class='ocrx_word' id='word_1_248' title='bbox 846 3065 986 3148; x_wconf 85' lang='lat' dir='ltr'><strong>quadam</strong></span> 
     </span>
     <span class='ocr_line' id='line_1_34' title="bbox 29 3150 985 3240; baseline 0.003 -24"><span class='ocrx_word' id='word_1_249' title='bbox 29 3233 30 3240; x_wconf 6' lang='grc' dir='ltr'>ἵ</span> <span class='ocrx_word' id='word_1_250' title='bbox 56 3150 169 3216; x_wconf 69' lang='lat' dir='ltr'><strong>lelerum</strong></span> <span class='ocrx_word' id='word_1_251' title='bbox 182 3156 404 3240; x_wconf 85' lang='lat' dir='ltr'><strong>exemplorum</strong></span> <span class='ocrx_word' id='word_1_252' title='bbox 423 3156 516 3239; x_wconf 90' lang='lat' dir='ltr'><strong>copia</strong></span> <span class='ocrx_word' id='word_1_253' title='bbox 535 3176 689 3220; x_wconf 84' lang='lat' dir='ltr'><strong>exornare</strong></span> <span class='ocrx_word' id='word_1_254' title='bbox 709 3158 805 3238; x_wconf 89' lang='lat' dir='ltr'><strong>atque</strong></span> <span class='ocrx_word' id='word_1_255' title='bbox 824 3154 985 3219; x_wconf 88' lang='lat' dir='ltr'><strong>illustrare</strong></span> 
     </span>
     <span class='ocr_line' id='line_1_35' title="bbox 57 3233 985 3328; baseline 0.014 -33"><span class='ocrx_word' id='word_1_256' title='bbox 57 3233 199 3328; x_wconf 82' lang='lat' dir='ltr'><strong>soleamus,</strong></span> <span class='ocrx_word' id='word_1_257' title='bbox 221 3247 376 3309; x_wconf 89' lang='lat' dir='ltr'><strong>tamenne</strong></span> <span class='ocrx_word' id='word_1_258' title='bbox 396 3245 615 3328; x_wconf 84' lang='lat' dir='ltr'><strong>invenientur,</strong></span> <span class='ocrx_word' id='word_1_259' title='bbox 638 3244 693 3328; x_wconf 90' lang='lat' dir='ltr'><strong>qui</strong></span> <span class='ocrx_word' id='word_1_260' title='bbox 711 3245 836 3308; x_wconf 87' lang='lat' dir='ltr'><strong>elevare</strong></span> <span class='ocrx_word' id='word_1_261' title='bbox 858 3244 985 3308; x_wconf 88' lang='lat' dir='ltr'><strong>labores</strong></span> 
     </span>
     <span class='ocr_line' id='line_1_36' title="bbox 29 3325 986 3417; baseline 0.009 -32"><span class='ocrx_word' id='word_1_262' title='bbox 29 3325 30 3350; x_wconf 85' lang='lat'>³</span> <span class='ocrx_word' id='word_1_263' title='bbox 56 3329 156 3394; x_wconf 84' lang='lat' dir='ltr'><strong>nostros</strong></span> <span class='ocrx_word' id='word_1_264' title='bbox 185 3332 342 3416; x_wconf 86' lang='lat' dir='ltr'><strong>audeant,</strong></span> <span class='ocrx_word' id='word_1_265' title='bbox 372 3354 516 3417; x_wconf 85' lang='lat' dir='ltr'><strong>quaeque</strong></span> <span class='ocrx_word' id='word_1_266' title='bbox 543 3336 751 3417; x_wconf 84' lang='lat' dir='ltr'><strong>praestantur</strong></span> <span class='ocrx_word' id='word_1_267' title='bbox 779 3354 798 3396; x_wconf 90' lang='lat' dir='ltr'><strong>a</strong></span> <span class='ocrx_word' id='word_1_268' title='bbox 824 3331 918 3396; x_wconf 90' lang='lat' dir='ltr'><strong>nobis</strong></span> <span class='ocrx_word' id='word_1_269' title='bbox 945 3332 986 3394; x_wconf 91' lang='lat' dir='ltr'><strong>iis</strong></span> 
     </span>
     <span class='ocr_line' id='line_1_37' title="bbox 56 3412 985 3506; baseline 0.004 -29"><span class='ocrx_word' id='word_1_270' title='bbox 56 3412 196 3485; x_wconf 71' lang='lat' dir='ltr'><strong>sudonbus</strong></span> <span class='ocrx_word' id='word_1_271' title='bbox 221 3442 261 3485; x_wconf 85' lang='lat' dir='ltr'><strong>ac</strong></span> <span class='ocrx_word' id='word_1_272' title='bbox 274 3422 407 3506; x_wconf 82' lang='lat' dir='ltr'><strong>vigiliis,</strong></span> <span class='ocrx_word' id='word_1_273' title='bbox 430 3443 566 3504; x_wconf 89' lang='lat' dir='ltr'><strong>quarum</strong></span> <span class='ocrx_word' id='word_1_274' title='bbox 588 3421 652 3505; x_wconf 90' lang='lat' dir='ltr'><strong>ipsi</strong></span> <span class='ocrx_word' id='word_1_275' title='bbox 673 3421 768 3486; x_wconf 90' lang='lat' dir='ltr'><strong>nobis</strong></span> <span class='ocrx_word' id='word_1_276' title='bbox 792 3421 912 3485; x_wconf 88' lang='lat' dir='ltr'><strong>conscii</strong></span> <span class='ocrx_word' id='word_1_277' title='bbox 935 3441 985 3482; x_wconf 87' lang='lat' dir='ltr'><strong>sn-</strong></span> 
     </span>
     <span class='ocr_line' id='line_1_38' title="bbox 56 3509 985 3594; baseline -0.003 -22"><span class='ocrx_word' id='word_1_278' title='bbox 56 3516 116 3586; x_wconf 66' lang='lat' dir='ltr'><strong>ffltu,</strong></span> <span class='ocrx_word' id='word_1_279' title='bbox 136 3529 172 3572; x_wconf 90' lang='lat' dir='ltr'><strong>ea</strong></span> <span class='ocrx_word' id='word_1_280' title='bbox 192 3511 370 3594; x_wconf 88' lang='lat' dir='ltr'><strong>quemlibet</strong></span> <span class='ocrx_word' id='word_1_281' title='bbox 390 3532 491 3575; x_wconf 91' lang='lat' dir='ltr'><strong>unum</strong></span> <span class='ocrx_word' id='word_1_282' title='bbox 511 3532 528 3574; x_wconf 91' lang='lat' dir='ltr'><strong>c</strong></span> <span class='ocrx_word' id='word_1_283' title='bbox 546 3509 656 3574; x_wconf 90' lang='lat' dir='ltr'><strong>multis</strong></span> <span class='ocrx_word' id='word_1_284' title='bbox 679 3509 893 3574; x_wconf 92' lang='lat' dir='ltr'><strong>ludibundum</strong></span> <span class='ocrx_word' id='word_1_285' title='bbox 915 3527 985 3590; x_wconf 91' lang='lat' dir='ltr'><strong>per-</strong></span> 
     </span>
     <span class='ocr_line' id='line_1_39' title="bbox 788 3615 826 3664; baseline 0 -17"><span class='ocrx_word' id='word_1_286' title='bbox 788 3615 826 3664; x_wconf 73' lang='grc'><strong>4*</strong></span> 
     </span>
    </p>
   </div>
   <div class='ocr_carea' id='block_1_3' title="bbox 0 0 1184 3944">
    <p class='ocr_par' dir='ltr' id='par_1_3' title="bbox 0 0 1184 3944">
     <span class='ocr_line' id='line_1_40' title="bbox 0 0 1184 3944; baseline 0 3"><span class='ocrx_word' id='word_1_287' title='bbox 0 0 1184 3944; x_wconf 95' lang='lat' dir='ltr'><strong> </strong></span> 
     </span>
    </p>
   </div>
  </div>
 </body>
</html>
