2330 3944
190 209 252 274 158
550 207 687 264 ORATIO
706 207 780 264 XVI.

186 351 370 440 cellarios*)
411 357 445 418 et
479 353 658 418 nubentem
693 349 818 419 Neroni
856 351 1001 438 Sporum,
1032 353 1113 438 Dory·

186 443 289 528 phoro
312 439 489 524 Neronem3
511 461 606 506 voces
630 441 741 524 etiam,
764 463 845 526 quas
867 442 902 506 in
923 443 986 507 illis
1006 441 1113 527 flagitiis

186 532 345 615 miserint,
375 530 467 614 quari
498 530 578 594 haec
610 530 690 594 scire
726 535 930 616 posterorum
960 531 1113 596 interesset:

188 641 325 704 quorum
361 618 664 684 commemoratione
704 639 773 684 non
814 619 1001 702 scriptorem
1032 620 1115 702 modo,

186 707 248 790 sed,
271 708 359 792 ipsas
386 707 515 772 chartas
543 707 728 772 erubescere
757 707 941 794 oportebat,
968 726 1036 772 cum
1054 707 1116 771 haec

185 796 315 861 interim
346 795 393 860 ite
424 795 584 860 subtiliter
615 815 652 860 ac
683 795 902 881 particulatim
934 796 1116 880 persequitur,

185 888 224 949 ut
245 885 358 950 docere
380 885 519 949 voluisse
541 883 696 948 videatur.
731 883 772 948 In
795 884 908 950 Tacito
936 885 1016 949 nihil
1036 884 1116 948 simle

185 974 335 1058 reperies.
372 971 464 1036 Talia
491 975 548 1036 eut
574 973 729 1056 praeterit
751 977 809 1038 aut
834 973 883 1038 ita
906 973 1117 1058 significatui

186 1062 291 1127 odisse
314 1065 348 1125 et
370 1060 542 1126 abhorrere
564 1061 687 1144 videas,
713 1065 861 1145 nou,ut
823 1061 975 1126 utillum
998 1024 1117 1142 alteiam

186 1149 337 1233 cupide
327 1169 363 1212 ιιι
389 1149 436 1213 eis
462 1149 635 1214 immorari.
675 1112 766 1214 luter
792 1148 954 1234 Vopiscus
984 1149 1118 1236 igituret

186 1235 375 1321 Spartianos
393 1242 427 1302 et
444 1237 647 1322 Lampridius
670 1243 703 1303 et
725 1239 883 1304 eiusmodi
905 1239 1042 1303 vitarum
1062 1238 1117 1302 scri·

184 1415 247 1480 hoc
275 1415 389 1480 ceteris
415 1416 542 1500 melior,
574 1378 665 1499 quod
691 1416 789 1480 aetat'
780 1437 808 1479 rs
765 1415 997 1480 tbeneficio
1028 1349 1144 1479 melici

186 1525 283 1587 quam
309 1505 358 1568 illi
385 1503 500 1569 Latine
526 1505 682 1588 loquitur:
712 1502 754 1568 ad
780 1503 886 1568 'Facit'
918 1505 1045 1588 quidem
1068 1503 1117 1588 glo·

185 1592 267 1656 riam
294 1593 435 1676 aspirare
462 1596 519 1656 aut
542 1613 575 1656 se
606 1613 679 1656 oum
706 1611 744 1657 eo
772 1592 918 1658 conferre
948 1593 976 1658 si
998 1591 1119 1672 volucrit,

186 1680 329 1744 omnium
361 1681 559 1745 eruditorum
591 1681 736 1746 convicio
768 1681 944 1766 vapulabit.
985 1679 1119 1764 Equidem

186 1767 271 1850 quod
294 1767 335 1832 ad
357 1789 408 1832 me
432 1769 561 1852 attinet,
586 1766 731 1833 Suetonii
756 1770 928 1834 lectionem
950 1791 1019 1836 non
1035 1769 1121 1833 minus

186 1877 283 1940 quam
315 1853 434 1922 Catulli
471 1860 528 1921 aut
554 1855 713 1922 Martialis
752 1858 1010 1924 adolescentibus
1035 1857 1120 1942 perui·

185 1945 318 2031 ciosam,
354 1946 452 2012 etiam
488 1945 697 2012 confirmatae
730 1947 846 2011 aetatis
877 1945 956 2012 uiris
988 1946 1122 2032 periculo·

187 2056 256 2098 sam
278 2038 367 2119 puto.

250 2122 297 2187 At
319 2125 457 2188 mendax
479 2128 529 2188 est
550 2125 586 2188 in
607 2124 743 2190 historia
762 2124 902 2190 Tacitus.
932 2124 1030 2190 Mitto
1048 2121 1124 2209 quod,

187 2211 214 2275 si
241 2211 304 2275 hoo
331 2213 468 2275 maxime
492 2216 668 2297 constaret,
697 2235 770 2277 eum
797 2213 1028 2279 historicorum
1053 2233 1124 2276 more

185 2299 304 2380 aliquid
336 2299 498 2362 interdum
534 2321 603 2364 esse
639 2301 825 2386 mentitum,
861 2323 929 2367 non
965 2307 1075 2367 tamen
1100 2299 1145 2384 idw

183 2386 276 2450 valde
303 2386 398 2451 nobis
427 2388 604 2453 curandum
631 2411 701 2453 esse
728 2390 813 2453 arbit
798 2392 910 2455 trarer.
946 2389 1027 2456 Non
1048 2390 1125 2468 enim,

184 2496 265 2558 quae
289 2475 329 2538 ab
353 2497 391 2540 eo
414 2481 600 2561 narrantur,
623 2478 780 2542 eiusmodi
803 2483 892 2564 sunt,
918 2482 956 2543 ut
979 2438 1126 2564 piaculari

184 2563 239 2640 sit,
271 2563 485 2647 quidquam
476 2586 511 2628 ιιι
543 2566 602 2650 eis,
635 2566 721 2650 quod
752 2587 864 2632 verum
894 2587 962 2631 non
997 2568 1052 2651 ιιι,
1079 2587 1127 2648 pro

182 2671 258 2716 vero
295 2652 475 2716 credidisse.
521 2651 583 2718 Sed
618 2657 730 2718 tamen
766 2655 838 2739 quis
874 2675 947 2720 eum
982 2619 1125 2720 meridacii

183 2739 334 2805 accusat?
369 2740 539 2826 Vopiscus.
576 2741 659 2818 Quid
685 2743 746 2808 iste
774 2741 947 2828 Vopiscus,
980 2744 1057 2828 quid
1081 2743 1128 2805 ho-

183 2829 279 2894 minis
307 2828 382 2894 est?
423 2829 560 2906 Quidam
588 2829 734 2896 Suetonii
758 2833 883 2917 simius,
909 2833 1008 2918 longe
1031 2837 1128 2896 tamen

183 2918 223 2982 ab
250 2939 288 2984 eo
318 2918 455 2984 distans:
484 2919 552 3004 qui,
579 2939 652 2982 cum
680 2939 713 2984 se
741 2921 880 3005 aliquem
906 2921 1008 2985 videri
1036 2921 1129 3000 vellet,

183 3007 367 3093 affirmavit,
390 3009 552 3074 neminem
575 3008 781 3093 scriptorum,
804 3013 961 3093 quantum
981 3010 1022 3074 ad
1040 3010 1129 3073 histo-

181 3095 243 3159 rim
270 3098 458 3182 pertineret,
486 3119 554 3163 non
577 3097 699 3180 aliquid
722 3119 790 3162 esse
813 3097 998 3182 mentitum,
1023 3097 1130 3182 gloris-

183 3187 301 3268 tusque
330 3190 392 3271 est,
418 3187 521 3252 multa
548 3206 582 3250 se
604 3185 796 3271 prodidisse,
822 3186 996 3272 inquibus
1020 3185 1131 3264 Livius,

234 3412 259 3481 ²¹¹)
280 3409 437 3477 Sellasiam,
455 3412 513 3478 vel,
532 3411 566 3464 ut
584 3411 781 3482 Oudendorpio
804 3408 909 3482 placet,
886 3411 1047 3467 tseilors'o
1065 3427 1131 3466 com·

182 3484 319 3538 memorat
338 3452 485 3536 Suetoriius
506 3453 567 3534 Tib.
587 3488 630 3536 43.
650 3500 706 3537 non
730 3483 860 3538 cellarios
880 3481 990 3536 Ruhnk
1037 3484 1114 3553 **c)
1101 3480 1132 3534 οι

182 3551 260 3623 Virg
280 3552 391 3606 Aenl.
414 3558 472 3605 144.
