2328 3956
337 213 645 272 uessrousuxvu.
929 217 970 282 89

34 359 110 422 ilum
140 380 177 425 ex
207 360 397 442 proceribus
430 362 600 426 convenire
632 383 669 426 ac
701 362 854 446 colloqui,
891 363 972 428 alius

35 446 250 530 sepulchralem
285 448 530 533 inscriptionem
565 451 660 534 petit3
699 450 780 515 alius
817 451 902 537 quod
937 453 972 516 in

34 539 117 620 ponte
139 537 247 622 aliquo
271 537 385 602 autin
407 537 478 602 basi
495 538 629 604 alicuius
653 541 779 604 statuae
801 540 971 624 inscribat3

35 625 144 710 estqui
170 625 268 690 huius
296 629 352 689 aut
378 626 465 690 illius
498 627 663 711 scriptoris
690 629 797 693 locum
826 629 886 693 sibi
916 629 973 694 ali·

35 735 114 796 quem
136 713 293 778 declarari
305 716 462 800 postulet3
486 719 536 780 est
558 717 613 800 qui
632 716 811 802 epistolam,
835 739 974 802 carmen,

35 803 198 868 orationem
212 802 375 868 emendari
398 807 463 888 aut,
486 805 572 889 quod
593 805 756 870 interdum
779 806 885 870 minus
907 828 973 870 mo-

34 891 135 956 lestum
150 894 208 976 est,
230 895 336 956 totum
348 893 463 978 refingi
487 915 524 957 ac
545 894 654 958 recudi
667 895 753 960 velit.
789 893 860 960 Iam
874 917 974 979 quan·

34 985 91 1044 tum
111 980 192 1044 mihi
213 981 368 1064 temporis
383 981 501 1046 auferri
522 986 617 1066 putas
642 983 682 1048 ab
705 983 785 1067 istis,
809 984 873 1068 qui,
897 1006 974 1070 quo-

34 1070 82 1132 ties
112 1069 174 1153 ipsi
206 1069 290 1134 nihil
317 1070 402 1154 quod
434 1076 536 1156 agant
565 1072 701 1154 habent,
733 1072 814 1136 alios
848 1095 975 1158 quoque

35 1178 132 1222 omnes
156 1157 301 1223 diffluere
324 1159 391 1224 otio
419 1160 627 1224 existimant?
663 1160 822 1246 Veniunt,
849 1161 976 1226 admitti

34 1248 147 1330 uolunt,
170 1247 235 1312 nisi
255 1247 477 1334 admittantur,
499 1249 651 1328 fremunt,
674 1249 888 1314 inhumanum
907 1271 976 1314 esse

34 1357 74 1399 me
96 1358 132 1400 ac
147 1335 321 1414 difficilem,
344 1341 599 1422 conqueruntur3
623 1337 756 1402 admissi
774 1339 859 1402 ultro
879 1338 977 1404 etiam

35 1425 211 1510 obiurgant,
234 1425 321 1508 quod
334 1427 431 1491 nimis
454 1427 490 1490 in
512 1427 627 1491 studiis
647 1426 769 1491 defixus
793 1427 862 1506 sim,
887 1426 977 1510 quasi

35 1535 81 1595 per
102 1515 184 1596 istos
200 1513 376 1598 quidquam
400 1515 481 1580 mihi
503 1516 658 1600 temporis
683 1515 796 1580 studiis
820 1515 899 1579 meis
921 1515 977 1578 tri-

35 1601 119 1666 buere
146 1603 258 1686 liceat3
290 1603 501 1668 relaxandum
537 1604 701 1669 interdum
733 1626 802 1668 esse
835 1604 979 1668 animum

35 1691 179 1775 clamant,
217 1713 313 1775 quem
345 1714 386 1757 ne
424 1693 566 1757 relaxare
593 1693 729 1777 possim,
770 1692 833 1778 ipsi
860 1713 980 1778 magna

35 1801 64 1842 ex
94 1784 186 1864 parte
220 1781 360 1845 obstant.
415 1780 497 1845 uum
527 1782 562 1846 in
594 1781 808 1846 alienissimos
839 1785 871 1845 et
900 1781 980 1845 mihi

35 1869 270 1934 molestissimos
285 1891 449 1935 sermones
463 1869 703 1955 ingrediuntur:
728 1870 804 1955 quid
822 1891 981 1933 novarum

35 1980 130 2021 rerum
154 1958 290 2022 allatum
313 1958 356 2021 sit
379 1956 536 2022 eGallia?
568 1960 623 2042 qui
636 1958 842 2042 Belgicorum
863 1957 980 2020 tumul-

34 2051 116 2110 tuum
138 2045 268 2110 futurus
292 2047 395 2111 exitus
418 2047 572 2130 putetur?
604 2047 680 2132 quid
704 2049 793 2131 agat,
818 2045 894 2130 quid
917 2066 981 2108 me-

35 2134 145 2198 ditetur
158 2133 332 2199 Pontifex?
365 2138 445 2220 quot
464 2138 496 2199 et
519 2157 600 2220 quos
620 2133 806 2200 Cardinales
828 2133 982 2218 proximis

35 2223 165 2288 comitiis
178 2223 347 2288 hominum
370 2223 458 2288 fama
472 2224 641 2309 designet?
671 2223 813 2300 Quarum
838 2223 982 2287 omnium

35 2333 132 2376 rerum
161 2333 222 2397 ego
249 2312 296 2376 ita
319 2333 387 2376 non
409 2312 578 2396 imperitus
601 2312 712 2397 modo,
736 2313 791 2377 sed
814 2312 912 2376 etiam
935 2311 982 2374 in-

35 2402 172 2465 curiosus
195 2422 276 2484 sum,
298 2404 336 2464 ut
359 2423 462 2486 saepe,
484 2400 607 2466 Romae
627 2423 669 2465 an
692 2401 759 2465 ruri
782 2401 809 2464 si
823 2399 985 2482 Pontifex,

35 2490 178 2554 nesciam.
223 2488 390 2554 Obdurare
417 2494 526 2554 tamen
554 2493 587 2554 et
613 2511 726 2554 vorare
749 2489 829 2554 haec
857 2493 890 2553 et
912 2489 984 2552 tali-

36 2577 87 2642 bus
110 2577 242 2662 ineptiis
256 2577 470 2644 verberandos
486 2599 578 2642 aures
591 2578 745 2661 praebere
760 2599 867 2662 cogor,
883 2577 984 2641 donec

37 2671 62 2730 et
80 2667 144 2752 ipsi
158 2666 325 2731 tundendo
340 2667 457 2731 defessi
481 2669 557 2730 sunt
571 2670 604 2730 et
618 2686 678 2750 ego
692 2666 876 2748 vapulando
893 2685 984 2728 enec-

36 2759 88 2819 tus.
134 2753 339 2820 Semianimis
372 2759 405 2820 et
437 2751 657 2839 ἑμβρόντητος
687 2755 818 2818 relictus
849 2753 905 2817 ubi
934 2773 985 2816 me
1058 2824 1062 2832 ¹

36 2844 132 2908 denuo
155 2845 191 2908 in
214 2844 443 2909 bibliothecam
465 2843 586 2928 abdidi,
608 2843 701 2908 uideo
724 2842 760 2906 in
773 2863 886 2906 mensa
907 2841 986 2904 satis

36 2935 130 2997 multa
154 2933 326 3017 explicata,
349 2955 431 3018 quac
454 2932 534 2996 mihi
556 2935 721 3016 torporem
740 2933 888 2994 excutere
910 2949 985 3012 pos-

36 3023 103 3085 sint.
147 3019 262 3106 Neque
291 3023 353 3106 est,
381 3020 466 3105 quod
494 3021 594 3104 dicas,
621 3021 685 3084 ista
713 3020 837 3102 omnia,
865 3018 892 3082 si
915 3017 986 3100 quis

37 3111 179 3174 obfirmet
206 3110 364 3193 animum,
395 3131 490 3194 posse
522 3109 626 3174 vitari.
676 3107 759 3172 Mihi
792 3107 898 3191 creda,
931 3109 987 3170 aut

36 3201 150 3264 multae
173 3221 212 3263 ac
235 3217 349 3283 graves
370 3199 559 3262 inimicitiae
584 3197 804 3282 suscipiendae
824 3199 909 3280 sunt,
933 3199 989 3260 aut

36 3285 109 3353 haec
131 3291 165 3352 et
188 3287 331 3352 eiusdem
361 3288 488 3372 generis
516 3285 766 3351 innumerabilia
788 3285 988 3369 perferenda.

37 3373 117 3441 hant
142 3397 233 3442 nunc
261 3375 355 3442 amici
383 3380 415 3440 et
439 3379 627 3460 querantur,
655 3375 757 3438 ullum
784 3373 989 3438 tabellarium

38 3465 100 3529 sine
122 3466 203 3531 meis
218 3463 260 3529 ad
283 3485 317 3528 se
341 3465 456 3529 litteris
479 3464 597 3528 venire.
635 3461 719 3538 Quid
743 3461 892 3546 quaeris?
921 3457 988 3521 Ha-

36 3574 102 3618 rum
123 3576 233 3619 rerum
255 3553 363 3618 taedio
391 3553 429 3618 da
457 3553 536 3618 urbe
563 3551 774 3636 relinquenda
803 3546 988 3640 saepissime
