2330 3944
382 185 518 242 ORATIO
536 186 571 242 X.

94 328 128 382 m
142 329 203 383 lacis
219 328 354 396 noctisque
371 327 453 383 cicer:
470 333 537 384 emec
554 329 648 384 omnia
665 328 746 386 rebar

95 399 198 455 Consilio
214 400 322 465 firmato
340 398 408 464 Dei,
426 399 475 468 qui
493 400 547 468 leqe
565 401 665 455 nwoeri

94 467 188 536 Sidera,
205 471 252 540 qui
269 470 361 538 fruqes
380 469 484 524 olioerso
502 475 619 538 tempore
636 471 728 539 naon,

94 540 140 610 Qui
153 541 254 596 romain
273 541 398 594 Pleaeben
416 541 505 594 aliena
523 541 634 595 iusserit
652 543 715 612 ique

92 611 211 680 bonpleri
226 613 356 680 soleueqne
373 625 437 677 suo,
451 613 609 680 porrexerit
627 613 711 667 undis

91 681 198 748 miore,
215 683 335 738 tellurem
352 683 440 737 medio
458 683 600 737 libraverit
619 699 678 738 ane.

92 751 137 806 Sed
151 769 208 807 ema
224 769 266 808 res
283 753 422 807 bominum
439 757 520 808 tanta
539 754 657 824 caliqine
674 753 747 809 colei

91 823 242 892 Aspicerem,
261 825 394 893 laetosque
413 824 463 878 diu
480 826 575 892 llorere
593 829 718 879 nocentes

96 893 233 964 iocarique
245 895 323 963 pios:
340 911 439 950 rmsus
458 895 592 962 tabefacta
610 895 724 950 cadebat

91 963 207 1036 Reddam
224 981 386 1035 caussaeque
403 967 477 1020 ciam
494 981 550 1022 non
567 971 661 1035 sponm
677 966 807 1038 sequebar

91 1038 211 1104 Alterius,
229 1051 315 1091 anemo
333 1053 404 1107 quae
421 1053 529 1092 currem
546 1038 652 1092 sualua
668 1043 743 1092 motu

91 1105 219 1174 Adfirmat,
236 1123 416 1178 maqnumqae
434 1123 519 1164 nooas
532 1125 585 1177 per
601 1109 686 1164 inane
703 1109 808 1178 liquens

91 1175 217 1246 Fortuna,
235 1193 292 1232 nou
309 1184 381 1246 arte,
399 1180 471 1248 reqi‚·
488 1195 558 1249 quae
574 1180 692 1235 amnina
708 1195 789 1235 sensu

91 1248 211 1319 emaque
228 1249 270 1304 oet
287 1250 366 1305 nulla
379 1255 477 1318 putat,
495 1251 536 1306 ael
554 1251 646 1306 remeia
663 1252 729 1306 aeri.

91 1318 198 1376 Abstulit
213 1320 287 1375 banc
304 1321 413 1376 tandem
426 1320 526 1389 Rutinl
538 1335 632 1391 poena
649 1321 796 1378 tumultum

91 1390 252 1462 absolvitque
269 1392 351 1447 Deos.

46 1512 118 1581 Multo
134 1521 235 1583 autem
254 1519 421 1584 nervosius
440 1539 478 1583 ac
491 1517 713 1582 vehementius
733 1515 819 1602 apud
838 1511 963 1581 Cicero·

46 1623 96 1668 nem
109 1603 194 1672 Cotta
215 1607 253 1671 in
274 1608 370 1672 tertio
391 1607 429 1671 de
447 1610 565 1670 natura
584 1603 781 1693 Deorum*),
806 1605 963 1684 Telamon,

47 1691 130 1778 inquit,
153 1715 212 1761 ano
239 1715 328 1762 uersu
355 1699 450 1760 totrrm
473 1695 576 1782 ¹laeum
602 1695 738 1778 conficit,
770 1699 877 1760 utrum
904 1693 964 1760 Dii

46 1777 146 1850 hmines
164 1785 337 1868 neqliqont:

70 1918 165 1979 Ninsi
185 1928 295 1991 curent,
323 1924 387 1978 be'ne
410 1922 558 2050 bonisbsitt,
585 1921 655 1978 nsdle
677 1921 772 1977 malis.-
796 1920 869 1990 quod
890 1921 966 1975 neme

480 2011 498 2049 a
516 2009 562 2050 es.

19 2127 20 2134 ’
48 2113 165 2185 diram
183 2121 234 2188 dli
257 2121 378 2203 quidem
400 2139 502 2186 omnes
524 2121 616 2186 bonos
638 2119 768 2202 efficere,
795 2117 967 2200 siquidem

47 2203 166 2274 intimum
192 2211 301 2294 qeneri
331 2210 531 2276 consulebant.
571 2209 632 2276 Sin
661 2209 697 2274 id
727 2208 844 2285 minus,
881 2206 968 2272 bonis

48 2298 98 2358 iot
117 2300 264 2365 omsulere
290 2299 440 2364 debebant.
481 2297 546 2364 (tar
571 2300 668 2382 iqitm
698 2297 774 2362 dens
800 2293 968 2378 Scipiones,

46 2381 190 2456 immam
225 2393 257 2454 ei
291 2389 419 2470 optimos
454 2389 549 2465 siros,
584 2388 620 2452 in
651 2385 814 2468 Hispania
845 2383 969 2449 Poenus

48 2475 178 2550 inruit?
209 2495 268 2542 coer
293 2473 458 2541 Maximus
489 2474 599 2540 enitebit
628 2475 729 2558 filium
756 2470 969 2539 consularem?

46 2576 81 2619 on
108 2562 287 2631 Marcellum
322 2563 489 2629 Hannibal
523 2563 698 2628 interemit?
742 2580 798 2627 cnr
833 2560 970 2626 Pontum

47 2643 140 2714 tannae
158 2652 370 2726 sustulerunt?
392 2672 448 2718 ear
469 2651 643 2718 Poenorum
666 2651 839 2716 audelimti
858 2649 971 2732 Repuli

45 2752 123 2816 litem
145 2747 188 2807 est
207 2740 408 2826 praebitum?
435 2761 490 2807 our
516 2741 707 2821 Africanum
733 2739 888 2804 domestici
909 2755 970 2820 po-

46 2823 107 2891 ndes
132 2849 192 2894 nm
225 2829 386 2896 iecerunt?
427 2828 489 2896 Sed
518 2829 592 2895 baec
623 2833 723 2894 nemra
754 2827 875 2892 etalio
896 2845 970 2908 per·

46 2913 130 2979 ilitio:
145 2919 298 3001 propiora
318 2919 483 2985 uidmmus.
519 2917 585 2984 Cur
606 2915 776 2984 amenoutus
797 2935 896 2993 meus,
923 2914 973 2978 air

46 2998 292 3087 instructissimus,
318 3009 355 3073 in
377 3007 485 3073 enutio
508 3007 574 3074 cst?
601 3025 657 3073 our
678 3005 794 3070 sodalis
815 3021 900 3067 mens
922 3001 972 3066 iu

46 3089 152 3168 litemus
177 3097 264 3162 domi
288 3115 363 3162 snae
389 3095 539 3162 Drusus?
571 3115 626 3160 eur
654 3092 871 3176 temperantiae
893 3100 997 3174 pru—¹

45 3175 188 3265 immane
209 3187 360 3268 specimen
382 3190 454 3250 ante
475 3184 677 3250 simulacrum
702 3181 808 3248 Vestae
826 3179 974 3262 Pontifeu

46 3261 177 3339 donans
208 3279 253 3340 est
284 3274 318 3355 Q.
363 3273 510 3341 Scaevola
546 3270 738 3338 taediatus?
785 3267 850 3336 (ier
881 3271 975 3336 etiam

46 3359 95 3420 areb
117 3364 157 3425 tot
180 3363 314 3430 ciuitatis
336 3363 492 3447 pmnmpes
519 3383 540 3427 a
567 3360 671 3428 &nno
697 3357 893 3444 interempti?
921 3377 976 3424 aar

82 3528 139 3600 ³)c.
157 3541 191 3592 32
213 3553 271 3606 sqq.
