2368 3956
404 227 525 284 CAPUT
544 228 628 284 nvn.
927 228 990 292 195

43 375 76 437 lis
98 373 228 457 syllabis
251 371 423 438 increscat:
446 393 514 439 non
536 373 662 458 dubito,
686 373 765 459 quin
777 375 869 440 illum
892 374 989 460 signi-

42 462 176 526 ficaverit
196 483 214 528 e
236 459 366 548 sertis)
388 460 522 528 Iliades:

73 574 112 648 Ὦ
133 580 243 669 μάκαρ
262 577 428 670 Menoida,
450 580 660 671 μοιρηγενὲς,
683 577 911 670 ὀλβιόδαιμον.

43 725 95 790 Sed
117 730 150 792 et
171 726 258 792 illius
281 719 480 812 quaestionis
498 726 757 812 explicationem,
781 748 845 812 qua
866 727 990 793 ratione

43 814 118 880 diost
137 813 303 882 Homerus
331 813 476 901 singulas
502 816 640 900 pecudes
667 816 703 880 in
724 815 837 880 Africa
862 816 898 880 in
925 817 989 880 sin-

42 904 125 986 gulos
153 925 258 970 annos
285 907 378 968 terna
404 924 530 988 parere,
561 903 712 988 reperiet,
740 905 795 988 qui
822 903 885 968 hoo
905 905 991 970 tanti

42 992 173 1078 putabit,
211 992 298 1077 apud
328 991 538 1058 Eustethium
573 993 608 1056 in
640 994 791 1078 quartum
821 990 990 1076 Odysseae.

44 1079 131 1146 Levia
157 1080 239 1146 haec
266 1101 336 1144 esse
362 1079 481 1165 fateor;
510 1080 579 1166 sed,
606 1081 705 1146 utin
732 1081 778 1146 eis
801 1080 991 1166 quaerendis

42 1167 201 1254 defatigari
216 1169 352 1234 stultum
364 1169 474 1253 fuerit,
497 1170 552 1253 its,
574 1190 649 1234 oum
663 1190 697 1234 se
715 1173 831 1253 sponte
845 1169 991 1254 offerunt,

42 1277 99 1321 non
120 1256 254 1323 omnino
277 1257 477 1343 repudianda
499 1278 569 1322 esse
592 1257 739 1324 arbitror.

378 1485 524 1554 CAPUT
545 1483 646 1553 LVH.

42 1575 120 1676 sun,
136 1601 471 1674 ourommnsuam
485 1607 614 1677 senso,
629 1606 760 1663 murm
773 1603 992 1662 reomensi

42 1695 198 1752 mensor
223 1695 315 1752 sins.
353 1693 605 1752 nuusnnruus
624 1693 760 1750 esrum
782 1694 805 1748 s
826 1693 991 1750 oremus

449 1782 575 1840 rocus.

96 1908 246 1976 Fortium
269 1911 412 1976 virorum
430 1909 557 1974 videtur
574 1909 610 1973 in
631 1909 764 1993 proeliis
788 1913 844 1972 aut
865 1909 992 1973 vincere

42 2002 88 2061 eut
108 1999 208 2064 mori:
237 1999 293 2083 qui
319 1999 406 2064 enim
434 1999 617 2082 capiuntur,
646 1999 701 2062 vix
727 1997 888 2062 interdum
916 1995 992 2060 effu-

42 2086 125 2168 giunt
145 2087 299 2172 ignaviae
322 2091 378 2152 aut
401 2090 486 2151 certe
509 2088 711 2170 ortodoxiae
731 2089 853 2150 notam.
884 2083 992 2169 Atque

41 2172 92 2240 hoo
115 2175 312 2261 significavit
333 2175 532 2241 Philocrates
545 2170 758 2260 Plautinus),
781 2173 931 2257 quicum
954 2194 993 2238 ex

41 2260 191 2349 Hegione,
214 2263 301 2349 apud
315 2286 410 2350 quem
423 2265 550 2330 vinetus
564 2263 801 2347 adservabatur,
824 2261 992 2327 audiisset:

83 2386 122 2454 Ut
141 2407 197 2454 uos
218 2386 283 2472 eu,
304 2387 412 2454 itidem
433 2388 500 2454 illie
521 2388 607 2472 aposd
632 2406 792 2558 eromenes
813 2387 993 2454 arsetam

708 2495 767 2555 eus,

41 2595 148 2680 Coptos
180 2598 247 2666 est?
279 2598 399 2685 inquit,
432 2597 547 2664 deinde
579 2599 770 2664 adfirmante
798 2618 887 2680 sene,
919 2595 994 2662 Non

41 2686 136 2771 tuear,
163 2687 284 2773 inquit,
311 2707 368 2754 nes
396 2687 454 2754 soli
480 2688 588 2770 musei
611 2688 740 2768 seimus.
791 2684 854 2750 Sed
882 2688 992 2748 tamen

41 2771 305 2841 Lacedaemonius
329 2776 459 2860 quidam
473 2795 513 2840 ex
529 2776 583 2861 iis,
606 2777 661 2860 qui
684 2776 725 2840 sb
738 2772 992 2839 Atheniensibus

41 2865 118 2946 eapti
150 2867 228 2930 sunt
259 2865 294 2928 in
323 2863 416 2948 Pylo,
447 2863 570 2928 urbane
598 2885 618 2928 e
645 2884 679 2928 se
705 2862 853 2948 ignaviae
880 2864 992 2926 notam

42 2953 185 3017 amolitus
208 2952 332 3018 dieitur.
373 2950 455 3020 Oum
478 2952 565 3016 enim
578 2951 787 3017 Atheniensis
810 2949 939 3034 quidam
963 2949 992 3012 ei

41 3060 90 3120 per
110 3041 287 3106 ludibrium
307 3040 456 3126 dixisset,
477 3039 532 3107 Es
553 3041 660 3106 emtum
672 3040 810 3105 videlieet
826 3039 935 3120 optirni
956 3057 993 3102 ae

40 3127 196 3205 fmtssimi
209 3131 519 3213 qahueoeeiderunt:
541 3129 669 3212 Maeni,
691 3127 811 3213 inquit,
831 3126 993 3208 faciendus

41 3223 107 3285 esset
126 3219 232 3300 fusus,
253 3221 282 3284 si
303 3221 386 3286 viros
405 3217 501 3300 fortes
522 3218 695 3300 diyooseere
713 3237 751 3282 oe
773 3216 940 3282 discernere
953 3215 992 3278 ab

41 3305 155 3385 tonans
184 3311 295 3390 posset.
357 3307 481 3376 Focum
516 3309 625 3374 eutem
665 3303 990 3372 Lacedaemoniorum

109 3500 132 3569 ¹)
150 3518 177 3555 v.
197 3505 257 3555 182.

108 3569 130 3640 ¹)
148 3569 255 3640 Captis.
275 3569 308 3625 Il.
328 3576 352 3640 2,
374 3576 415 3624 11.

723 3655 777 3710 le*
