2326 3942
197 227 260 292 192
562 227 697 283 calmo
716 226 791 283 XIX.

195 373 303 456 dedat,
330 372 578 457 ingurgitetque·
593 393 627 435 se
654 373 689 436 in
711 372 802 436 illum
824 373 1022 438 ubenimum
1045 376 1077 437 et
1097 375 1140 438 ab·

194 461 464 528 undantissimum
487 460 687 546 eloquentiae
714 460 851 544 fontem,
879 461 1021 527 retinens
1043 483 1139 546 perpe

194 556 252 616 tuo
274 551 376 633 illam,
404 571 500 635 quam
523 571 542 614 a
564 549 723 633 principio
746 549 959 634 instituimus,
986 555 1139 616 consuetu·

194 639 315 723 dinem,
338 643 375 702 ut
389 637 510 703 Graeca
523 660 606 702 cum
617 637 755 720 Latinis,
778 637 895 702 similia
909 660 982 704 cum
997 639 1139 703 similibus

194 728 348 793 conferat.
393 726 556 792 Ciceronis
593 727 746 810 epistolas
783 748 856 792 cum
892 728 990 812 leget,
1029 728 1140 791 evolvat

194 816 307 882 eodem
330 816 436 882 studio
465 815 623 897 Platonis,
650 814 815 898 Isocratis,
843 813 1070 881 Demosthenis
1094 817 1139 878 ali·

194 927 350 990 oramque
374 904 568 970 Graecorum
596 903 761 988 epistolas,
794 925 874 988 quae
906 905 942 969 in
974 905 1037 969 duo
1064 905 1138 968 volu·

194 995 283 1060 mina
305 997 476 1078 congestae
503 989 751 1075 reperiuntur*).
797 992 850 1056 Ad
881 993 980 1057 libros
1014 993 1052 1057 de
1078 993 1138 1056 rhe-

193 1084 295 1148 torica
323 1083 460 1165 scriptos
486 1081 642 1166 adiungat
668 1079 853 1146 Aristotelis
882 1081 983 1147 libros
1010 1081 1140 1146 eiusdem

193 1171 388 1256 argumenti,
420 1191 563 1256 quaeque
591 1169 701 1234 eadem
733 1168 771 1234 de
798 1191 833 1233 re
860 1168 1035 1254 Dionysius
1063 1168 1140 1232 Hali-

193 1281 394 1342 carnasseus,
425 1258 608 1323 Demetrius
640 1257 891 1341 Alexandrinus,
923 1257 1140 1343 Hermogenes,

193 1348 360 1434 Longinus
384 1348 501 1433 aliique
525 1347 638 1412 Graeci
665 1347 780 1411 litteris
802 1346 1020 1430 prodidenmt.
1065 1345 1140 1411 (lice-

192 1439 281 1503 ronis
306 1438 466 1503 orationes
480 1457 553 1501 cum
567 1435 808 1518 Demosthenis,
831 1434 1016 1518 Aeschinis,
1038 1434 1140 1518 Lysiae

193 1527 391 1610 aliorumque
413 1529 556 1589 veterum
579 1524 778 1589 orationibus
806 1528 984 1608 comparet3
1007 1523 1141 1608 dialogos

193 1616 232 1679 dc
255 1614 459 1697 philosophia
477 1635 550 1686 curn
573 1613 709 1697 dialogis
727 1611 953 1696 Xenophontis
967 1617 1001 1677 et
1023 1613 1141 1698 quibus·

193 1702 267 1767 dam
289 1701 443 1765 Platonis.
487 1701 615 1765 Interea
643 1702 912 1766 oblectamentum
940 1701 1004 1766 sibi
1026 1720 1066 1764 cx
1088 1691 1161 1764 aba

193 1810 309 1876 genere
345 1793 511 1874 pottarum
547 1793 650 1874 petat,
686 1789 861 1854 Pindarum
897 1811 970 1854 cum
1005 1787 1142 1872 Horatio,

191 1877 393 1963 Euripidem,
435 1875 638 1962 Sophoclem,
678 1877 874 1962 Aeschylum
913 1900 986 1944 cum
1024 1876 1143 1958 Seneca,

191 1968 402 2052 Apollonium
416 1988 488 2033 cum
501 1965 632 2032 Valerio
646 1966 769 2050 FlaceO,
783 1967 1017 2052 epigrammata
1030 1965 1144 2032 Graeca

192 2079 265 2124 eum
297 2055 425 2124 Catulo
457 2060 490 2121 et
520 2055 668 2120 Martiale
699 2057 888 2120 committat.
937 2055 1029 2120 ldem
1056 2055 1160 2122 saciati

191 2147 227 2211 in
240 2147 411 2228 historicis,
424 2143 634 2229 Herodotum,
648 2143 879 2228 Thucydidem,
893 2143 1144 2228 Xenophontem,

192 2234 363 2317 Polybium
394 2255 467 2298 curn
499 2233 603 2315 Livio,
635 2231 800 2316 Sallustio,
832 2232 948 2298 Tacito
973 2233 1143 2298 conferens.

191 2323 237 2388 Et
259 2322 411 2406 quoniam
433 2342 537 2406 neque
563 2322 698 2388 historia
729 2321 793 2386 nisi
820 2321 950 2406 cognito
979 2322 1068 2386 orbis
1089 2325 1144 2385 ter·

191 2426 300 2475 rarum
323 2411 401 2492 situ,
430 2431 533 2495 neque
556 2410 608 2474 hic
631 2411 699 2475 sine
723 2410 830 2496 aliqua
852 2409 1145 2475 mathematicarun

192 2500 309 2564 artium
332 2499 515 2582 cognitione
537 2499 660 2583 percipi
681 2501 802 2583 potest,
831 2498 883 2563 his
906 2521 1034 2586 quoque
1058 2500 1145 2564 utris-

191 2609 253 2672 que
279 2588 435 2670 temporis
462 2587 583 2672 aliquid
615 2587 787 2671 impertiat
833 2585 915 2654 Cum
943 2587 983 2652 ad
1013 2589 1159 2674 plenam}

190 2681 228 2741 ut
248 2676 327 2741 iuris
350 2680 496 2741 auctores
517 2677 708 2760 loquuntur,
729 2677 945 2760 pubertatem,
972 2676 1008 2741 id
1035 2681 1088 2742 cst
1113 2675 1146 2741 ad

190 2788 293 2831 annos
317 2765 492 2831 octodecim
515 2765 707 2849 pervenerit,
731 2765 880 2850 graviora
901 2765 1095 2831 meditetur:
1118 2785 1146 2828 ec

190 2855 330 2938 primum
358 2853 487 2938 quidem
514 2853 688 2937 analytices
711 2857 744 2917 et
773 2853 953 2920 dialectices
980 2859 1146 2938 praecepte

189 2965 257 3010 non
280 2965 319 3008 ex
340 2943 550 3008 barbarorum
572 2942 708 3025 lacunis,
737 2943 793 3007 sed
814 2963 854 3006 ex
876 2941 1055 3008 Aristotele
1084 2944 1147 3027 ipso

191 3035 224 3095 et
246 3031 376 3098 Graecis
399 3030 584 3096 Aristotelis
606 3031 836 3115 interpretibus
863 3031 1004 3115 hauriat,
1032 3031 1072 3098 in
1095 3033 1147 3095 eis·

191 3142 252 3203 que
274 3142 347 3184 vere
365 3142 407 3185 ¹ac
431 3120 514 3186 serio
537 3119 702 3184 biennium
725 3123 917 3184 exerceatur.
959 3118 1033 3184 Hoc
1057 3121 1147 3185 modo

190 3209 371 3290 praecultus
394 3230 431 3272 ac
453 3212 660 3292 praeparatus
688 3207 887 3292 adolescens,
918 3209 946 3274 si
972 3211 1081 3273 totam
1105 3229 1146 3272 ae·

190 3298 299 3359 tatem·
314 3296 439 3380 exigere
462 3298 497 3361 in
520 3297 585 3361 otio
608 3297 766 3362 litterario
780 3298 881 3382 volet,
903 3297 1030 3362 abunde
1055 3298 1148 3362 habet

186 3506 269 3631 eleb)
288 3504 479 3574 Epistularum
503 3504 672 3560 Graecarum
691 3505 834 3562 collectio.
872 3505 998 3562 Venetiis
1022 3523 1070 3579 ap.
1091 3505 1146 3563 Ald.
