2328 3956
185 179 227 242 90
506 177 685 234 arranem
703 176 814 232 axau.
858 150 861 156 ’

186 325 293 410 cogito
316 327 349 389 et
370 322 526 388 Venetiae
548 323 595 388 ire
618 322 740 406 ibique,
764 321 850 406 quod
873 323 1034 407 reliquum
1055 325 1127 385 aeta·

186 415 228 478 tis
260 417 322 496 est,
353 413 533 497 transigere
565 411 720 494 discupio.
770 409 830 474 Ille
864 411 945 476 mihi
979 411 1069 475 locus
1097 412 1128 474 ad

189 502 322 566 senilem
350 501 489 586 quietem
518 521 555 564 ac
582 499 851 584 tranquillitatem
879 499 987 564 factus
1010 498 1129 564 ridetur.

189 589 296 674 Atque
320 589 468 674 equidem
490 589 518 654 si
541 609 704 672 sperarem
727 587 990 672 aliquahonesta
1013 609 1051 652 ac
1071 593 1129 652 tuta

188 679 314 744 ratione
336 682 465 743 tantum
492 698 605 762 capere
633 699 684 742 me
712 677 778 742 illic
805 699 845 742 ex
865 677 1029 742 fmctibus
1050 697 1130 760 pecu-

189 768 263 832 niae
285 789 376 833 meae
403 789 511 852 posse,
538 769 696 851 quantum
725 767 766 831 ad
789 765 889 831 vitam
911 761 1131 850 γεροντικώτε-

191 880 269 942 ρον,
296 857 330 921 id
357 859 407 921 est
432 857 541 940 paullo
571 855 700 920 mollius
728 876 766 920 ac
793 855 962 920 delicatius
988 855 1132 940 agendam

192 946 366 1010 sufficeret:
394 946 578 1030 colligerem
605 965 718 1010 omnes
749 943 961 1008 vindemiolas
995 963 1082 1008 meas
1109 947 1132 1006 et

191 1035 274 1098 istuc
300 1034 452 1099 venirem.
503 1032 624 1098 Videor
651 1037 759 1098 autem
791 1033 946 1098 conficere
980 1055 1075 1118 posse
1102 1033 1133 1095 ad

191 1144 308 1187 novem
331 1126 387 1187 aut
410 1123 519 1186 decem
545 1123 647 1187 millia
673 1144 846 1188 numorum
869 1141 1053 1187 aureorum.
1094 1119 1133 1185 lla

193 1211 221 1275 si
242 1233 372 1296 possem
393 1211 440 1276 ita
463 1211 632 1297 collocare,
658 1216 696 1276 ut
723 1215 756 1276 et
778 1211 817 1277 de
841 1215 927 1276 sorte
950 1211 1079 1276 nullum
1099 1211 1133 1273 di·

193 1301 332 1366 scrimen
358 1303 455 1384 esset,
483 1303 515 1366 et
541 1300 576 1364 in
604 1299 733 1386 singula
759 1301 861 1366 millia
888 1303 1068 1386 octogenos
1088 1321 1134 1364 na·

192 1411 264 1455 mos
278 1411 392 1455 aureos
406 1389 580 1475 quotannis
593 1391 756 1474 percipere
770 1390 893 1456 liceret:
916 1411 988 1455 non
1002 1389 1134 1474 equidem

194 1479 234 1542 ad
271 1482 304 1544 te
340 1500 551 1563 accurrerem,
588 1479 643 1544 sed
680 1479 872 1544 advolarem.
930 1477 1135 1544 Efficerentur

194 1567 280 1632 enim
303 1568 481 1653 octingenti
505 1568 593 1633 aurei
615 1568 707 1632 numi
729 1569 842 1651 annui,
871 1567 989 1653 quibus
1020 1589 1079 1653 ego
1098 1568 1134 1630 f·

128 1685 130 1702 =
194 1657 253 1719 cile
277 1659 457 1720 sustentare
480 1678 531 1721 me
554 1677 691 1741 possem.
735 1655 887 1722 Viverem
908 1657 1039 1721 interea
1064 1657 1135 1740 quie·

195 1747 246 1808 tus
269 1744 305 1808 iu
332 1745 445 1810 studiis
474 1749 506 1809 et
533 1746 636 1810 multa
663 1745 783 1828 scripta
809 1767 882 1810 mea
908 1747 1034 1830 partim
1059 1745 1135 1810 rudia

195 1837 227 1898 et
249 1832 402 1898 inchoata
424 1834 620 1918 perficerem,
643 1834 762 1918 partim
785 1833 900 1898 affecta
926 1838 962 1898 et
984 1857 1086 1920 prope
1105 1833 1136 1896 ad

195 1925 373 1986 extremum
400 1923 555 2007 perducta
582 1923 744 1987 edolarem
767 1925 799 1987 et
822 1923 1010 2007 expolirem.
1055 1921 1135 1987 Vide-

194 2032 262 2075 rem
285 2011 383 2076 etiam
405 2011 567 2076 interdum
591 2009 759 2076 Sacratum
781 2033 897 2076 meum.
943 2009 1042 2078 Certe
1065 2012 1136 2075 enin

194 2121 429 2186 nonnunquam
451 2103 507 2165 aut
529 2101 597 2184 ipse
611 2098 781 2184 Venetiae,
804 2104 861 2164 aut
883 2121 943 2185 ego
966 2099 1137 2166 Ferrariam

195 2189 346 2254 venirem.
388 2188 415 2254 Ο
439 2190 467 2254 si
489 2189 569 2254 mihi
590 2188 678 2254 Deus
701 2189 763 2254 hoc
786 2193 924 2273 annuat,
948 2210 1051 2273 quam
1072 2187 1137 2252 mihi

195 2275 305 2340 videor
326 2276 440 2342 beatus
462 2278 546 2343 fore!
570 2276 667 2361 Quid,
691 2277 719 2341 si
741 2281 777 2342 tu
791 2299 919 2362 quoque
942 2278 983 2342 ad
998 2279 1136 2344 hoccou·

197 2364 303 2429 silium
325 2386 432 2430 meum
455 2366 673 2431 adiuvandum
701 2369 734 2430 et
762 2367 1007 2432 accelerandum
1031 2364 1136 2451 aliquid

197 2473 290 2516 curae
314 2475 351 2518 ac
374 2455 580 2540 cogitationis
603 2455 774 2520 conferas?
810 2454 902 2531 Quod
929 2459 966 2519 ut
992 2456 1136 2536 facisse

196 2542 228 2605 te
255 2547 331 2625 peto
360 2565 551 2630 quaesoque.
600 2543 713 2628 Vides,
745 2566 842 2628 quam
873 2544 1013 2610 libenter
1045 2549 1136 2610 moun

197 2631 406 2698 confabuler?
442 2631 566 2718 Quippe
593 2633 673 2698 haec
705 2634 792 2698 enim
819 2633 923 2699 scribo
951 2637 1045 2698 sexta
1070 2633 1138 2697 hora

196 2721 315 2805 noctis,
338 2743 411 2787 eum
432 2723 610 2806 periculum
637 2722 678 2786 ab
706 2722 1001 2807 interpellatoribus
1024 2723 1136 2787 nullan

115 2827 118 2834 ·
197 2815 254 2874 est.
298 2809 533 2876 Incredibiliter
555 2809 647 2876 doleo
671 2814 856 2896 aegrotasse
878 2815 925 2894 te3
948 2811 1137 2876 convaluisse

196 2899 422 2967 immortaliter
444 2899 569 2985 gaudeo
593 2921 713 2984 oroque
736 2903 783 2984 te,
809 2903 846 2966 at
868 2894 919 2964 vel
941 2921 1015 2964 mea
1037 2919 1137 2964 caussa

196 2989 414 3056 valetudinem
440 2991 530 3055 tuam
557 2988 802 3073 diligentissime
834 3010 933 3054 cures.
983 2986 1047 3054 Sed
1074 2985 1137 3072 quid

198 3082 260 3163 est,
284 3080 369 3163 quod
392 3079 439 3144 ais
463 3079 502 3143 de
516 3077 636 3144 liberii
658 3077 814 3163 negotio?
842 3075 928 3142 Nam
950 3078 1059 3142 nullus
1081 3075 1137 3160 qai-

198 3163 269 3228 dem
293 3168 373 3232 mihi
396 3189 416 3230 a
437 3171 470 3232 te
484 3167 631 3232 Tiberius
646 3166 888 3232 commendatus
910 3170 968 3252 est,
990 3167 1054 3231 nisi
1068 3184 1137 3250 quae

197 3255 324 3318 litterae
360 3250 599 3320 interciderunt
658 3253 720 3320 Sed
758 3255 903 3340 suspicor
942 3255 1079 3320 voluisse
1112 3257 1136 3314 ta

198 3341 380 3406 Victoriam
403 3341 516 3405 dicere.
561 3343 681 3428 Accipe
704 3345 818 3430 igitur,
845 3367 908 3429 quo
931 3344 967 3408 in
990 3347 1075 3410 statu
1095 3362 1136 3406 res

199 3431 249 3494 sit.
294 3427 473 3493 Cardinalis
496 3429 565 3513 ipse
587 3432 668 3498 mihi
691 3436 801 3516 aperte
824 3433 906 3498 dixit
925 3435 1031 3498 totum
1051 3451 1137 3516 nego·

197 3519 279 3581 tium
302 3517 388 3580 mala
415 3515 477 3578 fide
505 3520 632 3600 gestum
659 3541 729 3584 esse
757 3524 803 3599 et,
829 3543 872 3586 ne
900 3542 1029 3607 operam
1055 3541 1091 3586 ea
1110 3539 1136 3580 111
