2330 3944
212 213 273 275 116
594 208 729 264 ORATIO
748 209 809 262 XII.

276 483 576 545 ammonianus
599 481 739 542 uranos
763 445 1025 542 ammomum
1045 480 1087 538 ou

573 586 806 664 aueuaurcn.
823 624 832 636 ,

521 741 733 826 ORATIO
764 737 859 823 XII.

211 881 218 896 ·
297 921 417 962 HABITA
431 919 537 962 Roman
551 919 656 960 Panum
670 918 739 961 Nou.
753 917 907 959 NOVEMBR.
922 915 1075 957 muuxxvu.

276 1064 316 1128 In
338 1065 433 1128 rebus
461 1063 612 1128 humanis
641 1061 724 1126 nihil
746 1082 816 1126 esse
843 1063 951 1125 mente
980 1081 1016 1124 ac
1039 1058 1134 1122 ratione

210 1153 442 1238 praestantiuS,
477 1152 561 1215 nihil
593 1150 746 1234 divinius,
779 1171 904 1214 summo
938 1169 1057 1232 semper
1083 1167 1135 1210 cor-

209 1263 308 1307 sensu
327 1241 557 1324 sapientissimi
574 1240 722 1304 homines
741 1238 934 1302 iudicarunt.
968 1237 1049 1314 Quin
1065 1235 1136 1298 etiam

209 1334 354 1396 veterum
381 1329 530 1394 nonnulli
559 1341 638 1393 cum‘
659 1348 844 1412 expressam
865 1327 901 1390 in
929 1347 968 1390 ea
992 1323 1144 1390 divinitatis

209 1420 386 1506 imaginem
403 1421 585 1501 cernerent,
607 1438 711 1500 neque
734 1418 863 1480 tantum
880 1414 1005 1500 ingenii
1022 1413 1144 1478 acumine

209 1510 367 1592 valerent,
395 1511 433 1572 ut
456 1507 618 1590 exemplar
640 1507 747 1590 ipsum
770 1507 802 1568 et
824 1504 859 1567 id
882 1502 968 1587 quod
993 1524 1029 1568 ex
1049 1524 1081 1566 eo
1099 1500 1137 1562 du-

210 1601 298 1661 ctum
326 1597 480 1679 quasique
503 1595 647 1660 effictum
670 1597 767 1679 esset,
794 1593 974 1657 discernere
998 1613 1033 1656 ac
1054 1587 1138 1654 diiudi-

210 1706 282 1748 care
305 1687 451 1766 possent,
474 1687 598 1748 mentes
617 1686 747 1747 nostras
771 1703 809 1746 ex
832 1681 940 1745 divina
963 1684 1066 1746 mente
1085 1677 1138 1740 deli·

209 1773 302 1837 batas
326 1792 364 1836 ao
388 1770 554 1856 decerptas
573 1771 737 1854 ipsiusque
755 1793 864 1836 rerum
882 1770 1028 1836 omnium
1044 1765 1139 1854 opificis

209 1860 271 1928 Dei
293 1861 468 1946 particulas
492 1860 648 1944 quasdam
670 1881 740 1925 esse
768 1859 926 1924 dixerunt.
963 1857 1011 1922 At
1031 1858 1073 1921 illi
1093 1854 1140 1938 qui·

210 1951 283 2016 dem
306 1953 339 2015 et
361 1949 401 2014 de
422 1949 608 2014 hominibus
631 1947 727 2012 nimis
750 1949 833 2014 elate
856 1969 894 2012 ac
917 1947 1051 2033 superbe
1071 1948 1098 2008 et
1114 1942 1141 2005 de

209 2039 279 2105 Deo
307 2061 422 2126 parum
449 2039 501 2123 pie
533 2039 746 2123 religioseque
770 2039 951 2102 senserunt:
982 2036 1036 2122 qui
1057 2037 1084 2098 ct
1102 2032 1141 2095 ho·

209 2130 313 2194 mines
336 2129 406 2194 Deo
434 2149 611 2210 exaequare
639 2129 833 2192 conarentur
860 2129 893 2190 et
915 2146 985 2190 non
1011 2122 1142 2205 intellige·

210 2221 295 2299 rent,
318 2217 382 2280 ista
405 2216 570 2279 distractio
590 2218 623 2280 et
641 2214 826 2280 dilaceratio
846 2217 1046 2300 quantopere
1063 2212 1143 2276 alicua

210 2308 296 2367 esset
323 2307 482 2368 enatura
510 2304 655 2367 omnium
681 2305 779 2389 longe
807 2303 1045 2386 simplicissima
1068 2298 1143 2364 mari·

209 2413 324 2476 meque
346 2413 426 2474 una3
452 2413 556 2475 neque
578 2391 737 2475 viderent,
766 2395 922 2475 quantam
943 2392 980 2458 in
1004 2414 1037 2456 se
1058 2389 1143 2471 impio

209 2483 311 2545 tatem
334 2481 546 2564 susciperent,
574 2481 642 2564 qui,
670 2481 696 2544 si
720 2480 891 2544 stultitiam
914 2502 1007 2546 suam
1029 2479 1143 2566 pertim-

210 2569 290 2632 citcr
311 2570 396 2633 tueri
417 2570 552 2652 vellent,
579 2589 709 2633 necesse
732 2569 891 2633 haberent
912 2568 1023 2651 fat-eri,
1045 2571 1143 2652 partem

210 2657 352 2741 aliquam
379 2657 441 2723 Dei
467 2658 631 2723 interdum
658 2661 692 2722 et
718 2657 871 2722 vitiorum
896 2657 1033 2723 maculis
1060 2657 1143 2720 conta⁴

209 2747 327 2811 minari
354 2750 387 2810 et
414 2747 500 2831 apud
530 2747 653 2812 inferos
685 2767 807 2831 poenas
838 2747 925 2811 luere
958 2747 1000 2811 ab
1032 2739 1143 2830 ipsomet

209 2833 279 2900 Deo
307 2836 508 2920 improbitati
535 2839 568 2900 ct
590 2835 753 2919 nequitiae
781 2835 983 2901 constitutas.
1022 2833 1104 2911 Quae
1123 2829 1143 2920 ul

210 2924 353 3011 cogitare
381 2947 523 2990 summac
552 2924 711 2988 amentiae
744 2927 840 3008 atque
871 2924 1049 3008 impietatis
1075 2921 1143 3006 foret

209 3015 256 3078 ita
283 3014 362 3078 illud
391 3014 459 3079 sine
482 3015 548 3078 ulla
572 3012 773 3078 dubitatione
800 3013 1001 3077 verissimum
1025 3016 1085 3095 est,
1110 3007 1143 3120 aq

210 3103 390 3167 mirabilem
413 3103 576 3187 quandam
594 3125 663 3168 esse
685 3102 846 3169 humanae
862 3102 979 3166 mentis
1001 3103 1126 3185 praesta

209 3189 303 3272 tiam,
325 3211 429 3274 neque
447 3193 483 3271 in
504 3192 544 3256 iis
564 3193 726 3276 omnibus,
749 3213 830 3275 quae
849 3191 935 3256 infra
953 3191 1066 3254 lunam
1084 3209 1137 3253 suu

210 3280 318 3340 mente
342 3299 378 3341 ac
401 3280 526 3342 ratione
551 3281 696 3363 superius
719 3279 894 3364 quidquam
911 3300 1005 3363 posse
1025 3277 1139 3364 reperir

209 3363 261 3431 Ea
284 3385 386 3450 genus
408 3365 587 3431 humanum
610 3372 715 3432 cetera
739 3369 890 3432 animalia
914 3372 1046 3452 superat
1068 3387 1141 3448 caqu

209 3453 274 3518 illis
293 3454 442 3518 omnibus
464 3458 605 3540 praeest,
628 3457 773 3540 quamvis
792 3456 863 3522 aliis
881 3456 976 3521 rebus
995 3455 1037 3519 ab
1057 3475 1142 3520 eorm·

210 3542 373 3626 plerisque,
394 3547 570 3628 superetur.
601 3543 713 3610 Vincit
735 3545 899 3611 hominem
921 3543 1084 3612 celeritate
1102 3565 1142 3608 cer
