2328 3956
340 185 522 242 EPISTOLA
540 186 663 242 LXXIV.
918 185 978 248 101

431 381 578 450 LXXIV.

206 509 257 585 M.
284 509 531 584 ANTONIUS
558 507 794 584 MURETUS.

271 645 450 702 POMPILIO
468 645 643 702 Annsnno
663 643 732 702 SUO

470 753 492 795 Β.
507 753 533 796 D.

89 857 179 934 Quod
198 860 241 925 ad
260 861 483 926 amantissime
503 863 640 946 scriptas
654 861 777 926 litteras
791 864 864 926 tuas
879 860 980 926 serius

36 950 606 1124 telimtubaluiidelnitbstboirbesiiabiieo
618 953 718 1104 icelii
735 950 980 1122 bbiditidonbb

36 1123 123 1188 dicam
145 1126 431 1212 occupationibus,
454 1128 510 1192 sed
534 1127 669 1194 afflictae
692 1126 868 1192 valetudini
890 1147 979 1191 meae

36 1215 192 1300 multisque
221 1215 395 1300 molestiis,
423 1216 540 1300 quibus
562 1217 624 1282 hoc
646 1218 716 1281 toto
738 1220 882 1300 tempore
905 1236 979 1279 con-

36 1301 156 1368 flictatus
172 1325 258 1390 sum,
271 1305 520 1370 condonandum
533 1308 637 1390 putes.
669 1303 754 1370 Nam
768 1325 841 1369 cum
855 1307 980 1367 sextum

37 1391 86 1454 iem
114 1414 264 1459 mensem
295 1393 397 1460 tantis
424 1393 579 1460 tibiarum
606 1415 643 1460 ac
669 1393 787 1478 pedum
814 1391 978 1456 doloribus

37 1485 150 1546 vexatus
170 1483 244 1567 sim,
263 1487 301 1547 ut
319 1482 430 1550 ardere
448 1482 611 1549 interdum
629 1481 708 1548 mihi
725 1481 856 1564 viderer,
879 1499 979 1564 eaque

37 1590 75 1631 res
95 1573 127 1634 et
147 1571 232 1636 mihi
256 1593 407 1638 somnum
430 1571 586 1636 adimeret
604 1575 636 1636 et
654 1570 801 1653 efficeret,
823 1572 860 1633 ut
876 1587 979 1652 neque

38 1657 126 1722 cibum
149 1663 349 1743 appeterem,
372 1664 405 1724 et
422 1659 589 1744 idipsum,
613 1659 698 1745 quod
716 1658 890 1741 capiebam,
912 1677 980 1720 non

37 1765 268 1832 concoquerem,
301 1748 387 1814 unde
418 1747 601 1814 mirabilem
627 1747 817 1812 cruditatem
845 1745 979 1810 existere

38 1854 148 1900 necesse
168 1840 255 1900 erat:
279 1837 327 1902 ite
346 1858 397 1901 me
417 1837 611 1902 diuturnitas
626 1837 730 1902 morbi
744 1839 777 1899 et
790 1834 979 1918 magnitudo

38 1921 138 1988 doloris
176 1925 382 2009 efferaverat,
420 1929 457 1990 ut
489 1920 605 2010 ἄγριός
635 1948 684 2001 τις
715 1921 770 1988 καὶ
802 1917 980 2007 ἀπρόσιτος

38 2012 255 2097 γεγενημένος,
278 2013 413 2099 Telephi
436 2013 570 2078 alicuius
593 2017 649 2078 eut
662 2012 858 2078 Philoctetae
882 2032 979 2095 quam

39 2099 103 2184 eius,
125 2124 227 2187 quem
249 2125 301 2167 me
325 2103 421 2167 amici
443 2123 570 2186 semper
591 2102 822 2184 iudicaverant,
845 2099 980 2164 similior

39 2187 152 2256 viderer.
190 2190 377 2257 Accedebat
399 2213 437 2256 eo
460 2212 561 2277 aeque
584 2191 752 2256 diuturnus
776 2189 845 2272 sed,
872 2191 979 2252 utres

40 2274 95 2357 ipsa
119 2300 244 2365 magno
267 2301 340 2344 cum
363 2301 435 2345 meo
459 2300 604 2344 moerore
627 2279 746 2362 docuit,
772 2277 980 2363 periculosior

40 2368 153 2433 morbus
176 2368 375 2434 nobilissimi
399 2372 432 2432 et
449 2367 675 2434 humanissimi
693 2366 905 2432 adolescentis
918 2364 978 2430 Po·

40 2450 100 2537 loni,
121 2458 187 2540 qui,
212 2478 286 2523 oum
308 2457 343 2522 in
366 2456 499 2522 aedibus
517 2457 597 2522 meis
621 2457 841 2539 diversaretur,
864 2453 923 2520 sub
946 2453 980 2518 id

41 2540 91 2606 lere
110 2547 256 2629 tempus,
289 2567 352 2630 quo
375 2549 450 2609 tuae
472 2545 600 2610 litterae
621 2545 701 2610 mihi
727 2544 868 2610 redditae
896 2546 980 2628 eunt,

41 2631 99 2696 tabe
125 2637 340 2718 consumptus
369 2637 432 2698 est:
462 2655 526 2718 quo
552 2636 663 2698 tantus
686 2635 830 2698 cumulus
854 2631 980 2696 additus

42 2723 79 2783 cst
106 2722 146 2787 ad
174 2723 269 2788 illam
297 2722 494 2806 superiorem
521 2721 621 2786 animi
648 2722 711 2786 mei
730 2720 981 2806 aegritudinem,

42 2811 69 2870 ut
90 2812 213 2876 nullum
240 2815 383 2894 tempus,
414 2811 540 2874 nullum
566 2811 672 2875 locum
700 2809 816 2896 quietis
842 2808 981 2893 reperire

43 2915 161 2975 possem.
217 2897 314 2965 Nune
341 2920 415 2963 eum
441 2897 503 2963 Dei
534 2899 689 2964 beneficio
721 2903 754 2964 et
779 2919 879 2983 prope
907 2918 980 2963 con-

43 2986 195 3074 valuerim,
222 2992 256 3052 et
284 2985 479 3073 aegritudini
505 3007 545 3052 ex
567 2988 663 3054 amici
684 2991 787 3052 morte
810 2988 982 3070 conceptue

44 3070 96 3138 dies
115 3077 188 3160 ipsa
211 3076 383 3142 levationis
407 3075 529 3161 aliquid
544 3075 667 3142 adferre
681 3076 829 3161 coeperit,
851 3097 983 3160 respon·

45 3159 109 3228 debe
136 3166 177 3229 ed
200 3165 327 3231 litteras
349 3167 423 3230 tuas
447 3160 504 3230 διὰ
526 3167 727 3250 κεφαλαίων.
772 3163 820 3232 Ac
843 3165 985 3250 primum

45 3252 114 3330 quod
139 3257 231 3320 vetas
258 3276 312 3319 me
339 3254 460 3320 amoris
483 3273 560 3340 erga
582 3275 634 3318 mc
656 3255 706 3319 tui
728 3255 985 3341 magnitudinem

45 3335 206 3407 litterarum
229 3343 389 3428 gravitate
412 3342 532 3408 metiri:
555 3363 616 3428 ego
639 3365 765 3429 quoque
784 3367 803 3409 a
821 3348 864 3428 te,
886 3343 985 3410 Ama·

47 3446 115 3514 suec,
140 3432 190 3496 vir
217 3431 341 3515 optime
369 3433 402 3495 et
424 3429 652 3517 eruditissime,
679 3436 770 3516 peto,
796 3435 833 3496 ut
860 3453 986 3500 mecum

46 3515 139 3584 ecdem
157 3521 226 3585 iure
245 3521 358 3605 utaris,
380 3539 461 3585 neve
475 3541 514 3584 ex
526 3520 707 3586 litterarum
722 3521 850 3586 silentio
864 3521 985 3584 lectam
