2330 3944
205 221 267 282 llO
518 217 655 274 ORATIO
674 217 761 272 XVII.

201 385 239 428 ae
266 366 434 429 venustate
460 362 638 446 praeditus,
663 361 782 426 Paulus
807 360 980 425 Manutius.
1013 360 1067 436 Qui
1088 367 1122 426 ιι-

201 475 276 517 men
304 451 571 537 quemadmodum
597 449 676 514 illud
705 450 868 514 consecuti
897 453 984 532 sunt,
1008 455 1041 512 ut
1063 451 1121 514 haee

200 542 271 606 laus
311 561 385 604 vere
422 560 459 603 ae
498 539 613 603 merito
654 538 785 622 propria
820 537 933 602 Italiae
972 538 1122 621 haberetur,

200 630 293 712 eique
325 632 448 694 ceterae
480 648 600 692 omnes
622 627 771 690 nationes
804 625 962 690 scribendi
993 627 1122 710 elegantia

200 717 295 781 facile
318 717 479 782 cederent:
502 717 549 779 ita
571 715 651 778 illud
673 714 785 799 negari
803 735 871 778 non
893 717 1010 798 potest,
1031 715 1122 777 multos

199 825 320 870 naevos
356 807 536 887 multasque
572 803 726 886 maculas,
768 803 854 885 quod
889 803 976 868 bona
1010 803 1123 866 omniun

200 895 295 958 venia
318 893 437 957 dietum
460 893 514 976 sit,
540 892 669 956 illorum
692 891 837 954 omnium
859 891 986 973 seriptis
1008 911 1123 974 aspersas
1149 907 1150 954 ι

200 1003 284 1063 esse,
320 1003 400 1064 quae
432 982 565 1065 planum
596 980 731 1062 faciant,
766 979 839 1043 illos
875 979 992 1042 vidisse
1026 979 1150 1062 quiden*

202 1069 279 1170 quid
302 1070 459 1152 optimum
482 1072 578 1152 esset,
593 1071 639 1132 et
665 1029 750 1130 ιιιιιι
777 1087 859 1150 quae
883 1067 924 1130 ad
951 1067 1028 1131 illud
1051 1067 1125 1130 ferret

142 1165 146 1172 ‘
200 1158 364 1242 ingressos
391 1159 489 1241 longe
515 1155 723 1240 processisse,
755 1155 810 1218 sed
842 1155 941 1239 longe
973 1159 1073 1219 tamen
1097 1153 1150 1222 ab¹

199 1267 252 1328 eo,
288 1267 350 1328 quo
382 1245 606 1328 intendebant,
643 1243 832 1309 substitisse
877 1241 991 1326 Neque
1021 1243 1074 1306 hoo
1099 1261 1124 1303 eo

199 1333 285 1418 dieo,
316 1337 353 1397 ut
385 1334 423 1398 de
452 1355 650 1398 summorum
676 1332 818 1396 virorum
846 1331 951 1416 gloria
983 1331 1150 1415 quidquam¹

199 1425 370 1506 propterea
402 1422 579 1486 detraham.
612 1441 692 1504 quos
724 1423 757 1484 et
786 1419 968 1484 admiror
959 1441 1026 1504 rpse
1051 1421 1079 1482 et
1099 1417 1150 1488 ad,

200 1532 312 1574 eorum
347 1510 567 1594 persequenda
597 1508 739 1610 ,vestigia
775 1507 938 1572 cohortari
975 1529 1030 1572 vos
1062 1505 1126 1570 volo:
1149 1573 1150 1578 ,

199 1598 256 1662 sed
278 1601 316 1662 ut
337 1599 539 1682 intelligatis,
561 1597 692 1662 minime
714 1597 882 1680 vulgarem
901 1617 972 1660 esse
996 1617 1061 1660 eam
1078 1595 1126 1656 lau·

198 1685 286 1769 dam,
313 1707 409 1768 quam
431 1689 481 1749 tot
504 1707 540 1748 ae
563 1687 644 1748 tales
667 1685 740 1768 riri,
766 1684 868 1748 tantis
895 1684 1057 1748 laboribus
1075 1685 1126 1744 ιιι

197 1775 360 1856 'nequet
329 1774 434 1837 studio
470 1773 599 1856 plenam
628 1777 739 1836 tamen
769 1792 806 1836 ae
839 1772 977 1837 solidam
1004 1767 1150 1864 consequi,

198 1882 267 1926 non
290 1862 463 1946 potuerint
1149 1935 1150 1938 Ἴ

265 1949 361 2016 Nune
394 1950 479 2052 quod
511 1949 653 2014 dicturus
686 1971 770 2033 sum,
806 1948 908 2015 nolim
941 1971 961 2012 a
994 1965 1150 2032 quoquam¹

198 2039 310 2104 durius
337 2040 452 2123 aoeipi,
479 2038 583 2103 sedt
557 2041 604 2102 ιιι
625 2037 792 2122 potrus,
770 2036 1013 2120 utprofeetum
1034 2036 1071 2100 ab
1090 2055 1130 2114 op·
1149 2076 1150 2082 ι

197 2127 278 2192 timo
306 2149 383 2212 erga
410 2149 467 2192 vos
495 2127 646 2191 animoe
630 2129 704 2190 eta
731 2125 888 2209 singulari
915 2125 1054 2225 quadam
1078 2141 1131 2184 mea

199 2235 277 2299 erge
299 2237 418 2280 nomen
440 2214 588 2279 Italicum
611 2214 786 2279 voluntate
814 2212 876 2288 Qui
892 2213 980 2276 eninr
1003 2213 1085 2275 int
1057 2208 1131 2273 ltalia

201 2302 280 2365 diut
257 2305 320 2366 trus
349 2302 521 2403 aliquando
550 2323 646 2384 quam
672 2303 708 2366 in
730 2299 848 2383 Gallia,
875 2301 931 2364 ubi
953 2303 1050 2363 natus
1071 2317 1150 2374 sun,

197 2389 344 2474 vixerim,
371 2391 489 2455 etrum
515 2390 669 2472 pridem
660 2412 695 2454 111
720 2389 783 2453 hae
806 2351 892 2454 orbis
914 2392 1072 2452 terrarum
1092 2405 1150 2448 no-

197 2479 355 2543 bilissima
376 2479 455 2544 urbe
479 2477 569 2542 sedes
592 2499 629 2542 ae
657 2477 853 2542 domicilium
880 2476 1076 2557 collocarim,
1098 2472 1150 2534 ιι·

198 2587 269 2630 cere
296 2588 400 2668 neque
427 2589 559 2651 possum
586 2586 690 2649 neque
717 2564 831 2648 debeo,
858 2564 937 2647 quin
964 2567 999 2628 et
1025 2525 1150 2627 Italiun

125 2684 133 2704 ι
197 2657 231 2718 et
253 2656 422 2739 praecipue
445 2656 556 2719 urbem
574 2654 711 2719 Romam
729 2653 799 2734 pari
818 2673 855 2716 ae
873 2652 1015 2735 patriam
1034 2651 1134 2734 pietate

198 2764 235 2806 ao
264 2743 368 2808 studio
402 2743 513 2807 oolam.
553 2743 655 2808 Doleo
687 2741 787 2826 igitur
818 2744 851 2804 et
878 2739 1052 2842 indignor,
1078 2756 1135 2800 eun

198 2851 279 2913 quae
302 2832 385 2916 laus,
407 2834 521 2894 nostra
543 2851 580 2894 ae
602 2834 730 2914 patrum
752 2829 919 2912 memoria,
941 2827 1136 2912 propriant

197 2919 276 3004 dixi,
297 2918 454 2985 Italorum
474 2918 551 3002 fuit,
523 2921 615 2983 tut
637 2919 697 2983 soli
719 2940 757 2982 ex
780 2879 928 2982 omnibub
951 2915 1070 2980 Latina
1088 2912 1138 2976 lin·

197 3029 262 3092 gua
284 3010 385 3092 perite
404 3029 441 3072 ao
464 2967 602 3072 seierlter
623 3009 801 3089 uterentur,
825 3026 896 3068 eam
917 3025 1005 3068 nune
1028 3005 1073 3067 ita
1094 3000 1138 3064 ob·

198 3098 348 3161 solevisse
376 3119 413 3160 ao
440 3095 671 3180 propemodum
698 3093 865 3156 evanuisse
897 3091 1004 3175 video,
1036 3089 1140 3155 vixnt

197 3182 263 3246 ianr
289 3187 359 3248 tota
385 3183 481 3248 ltalia
507 3183 603 3266 pauci
631 3181 760 3266 quidam
787 3201 893 3264 senes,
921 3179 976 3263 qui
1003 3200 1075 3242 eam
1099 3179 1139 3239 ut

198 3291 323 3352 ounque
364 3272 557 3354 sustineant,
597 3271 806 3371 reperiantur
855 3268 983 3333 Interea
1024 3271 1139 3330 exterae

197 3358 345 3422 nationes
369 3361 473 3442 et,t
436 3363 473 3422 ut
494 3359 628 3444 vulgo
619 3363 707 3422 mt
677 3358 771 3422 ltalia
798 3361 967 3441 vocantur,
994 3355 1141 3419 barbarae

196 3445 282 3512 hane
309 3446 543 3529 possessionem
571 3446 737 3530 gloriaet
738 3467 888 3546 amquam
915 3469 934 3510 a
966 3443 1058 3509 vobis
1089 3459 1141 3524 pro

198 3533 348 3598 derelicta
370 3534 462 3596 habit
448 3537 515 3596 tam
538 3538 748 3617 occuparunt,
775 3535 901 3615 iamque
924 3555 992 3598 non
1013 3532 1143 3596 obscure
