2330 3944
375 217 511 274 ORATIO
530 218 616 272 XVII.
909 216 973 281 169

31 367 145 448 propter
178 364 321 427 eiusdem
358 363 456 427 studii
489 362 730 426 similitudinem
762 359 972 446 Christopho-

30 475 87 515 rum
104 451 316 536 Longolium,
337 450 487 535 Belgam,
509 451 544 514 in
562 450 683 514 deliciis
701 471 801 534 prope
820 453 915 534 atque
938 451 974 516 in

31 541 178 604 amoribus
210 540 404 604 habuerunt.
443 537 521 604 Non
549 539 597 602 ita
623 539 726 602 multa
752 542 827 622 post
852 559 974 622 magno

30 630 55 690 in
81 629 185 711 pretio
216 628 350 692 fuerunt
381 628 445 692 duo
481 627 578 691 huius
614 626 779 692 facultatis
810 627 975 710 praecipui

31 717 177 799 doctores,
207 715 334 780 Patavii
366 715 496 799 quidem
528 714 668 780 Lazarus
699 713 909 798 Bonamicus,
940 715 975 778 in

31 804 76 868 hac
106 808 218 868 autem
249 804 329 868 urbe
361 803 519 868 Romulus
551 801 741 866 Amasaeus:
775 823 911 886 quorum
940 803 976 865 in

31 893 72 956 illo
101 892 337 956 fecunditatem
368 891 492 975 ingenii
524 891 740 974 admirareris,
773 889 975 974 diligentiam

33 985 56 1042 st
77 977 355 1065 accurationem*)
382 979 575 1063 requirerem
605 979 641 1042 in
667 979 730 1044 hoc
757 977 839 1042 nihil
867 977 976 1040 admo-

31 1068 104 1152 dum,
142 1069 229 1152 quod
266 1068 307 1132 ad
342 1067 422 1134 boni
458 1071 491 1132 et
523 1089 562 1131 ex
594 1066 682 1131 omni
713 1069 805 1149 parte
841 1064 977 1148 perfecti

32 1156 157 1222 doctoris
195 1156 507 1221 commendationem
543 1155 731 1238 pertineret,
772 1152 977 1218 desiderares.

31 1243 112 1308 Brevi
134 1245 237 1330 igitur
259 1244 504 1309 innumerabilis
527 1243 684 1326 quaedam
706 1243 875 1306 hominum
896 1241 977 1304 mul·

32 1333 122 1396 dado
149 1354 209 1416 per
236 1331 366 1396 Italiam
393 1331 549 1414 effloruit,
582 1331 637 1415 qui
670 1331 800 1394 illorum
831 1329 977 1411 exemplo

31 1420 155 1504 incitati,
182 1421 302 1484 horum
323 1411 493 1503 dis'ciplina
515 1440 553 1482 ac
575 1417 754 1502 praeceptis
778 1416 908 1493 exculti,
937 1415 977 1478 ad

31 1508 101 1572 hanc
133 1508 216 1574 bens
248 1507 364 1572 Latina
401 1506 555 1591 loquendi
587 1527 625 1570 ac
657 1504 819 1570 scribendi
848 1503 979 1567 laudem

31 1597 197 1661 incredibili
238 1596 345 1662 studio
381 1595 617 1678 incumberent,
653 1615 726 1658 oum
762 1596 796 1657 et
831 1590 979 1656 Venetiis

31 1683 123 1748 louita
144 1685 309 1769 Rapitius,
337 1688 369 1748 et
395 1683 522 1748 Patavii
544 1681 738 1748 Benedictus
765 1679 981 1764 Lampridius,

33 1777 58 1834 et
78 1774 129 1836 alii
151 1776 355 1857 praestantes
378 1773 439 1837 riri
463 1771 585 1836 sitienti
606 1769 767 1834 iuventuti
784 1768 892 1834 fontes
915 1768 979 1831 elo-

33 1861 169 1942 quentiae
192 1860 408 1943 recluderent,
436 1863 469 1924 et
491 1882 511 1924 a
537 1859 737 1943 principibus
764 1856 895 1920 maximi
922 1855 980 1919 ho·

34 1969 115 2012 nores
145 1950 199 2032 iis,
237 1949 292 2032 qui
323 1947 475 2012 Latinam
514 1948 660 2032 linguam
692 1946 820 2030 egregie
853 1946 980 2027 practer

35 2041 141 2102 ceteros
185 2038 353 2121 callerent,
394 2039 660 2120 proponerentur.
710 2033 756 2096 nt
795 2038 905 2098 tamen
945 2029 980 2093 in

35 2127 113 2190 tanto
139 2125 255 2190 ardore
279 2125 475 2208 animorum,
502 2127 595 2187 tanta
617 2121 822 2207 ingeniorum
849 2121 980 2183 conten-

34 2212 109 2277 tione
131 2218 230 2296 atquc
254 2213 483 2296 aemulatione,
505 2212 606 2275 tantis
629 2209 803 2293 propositis
822 2205 982 2291 praemiis,

36 2321 116 2365 nemo
146 2301 254 2366 adhuc
287 2301 423 2384 exstitit,
454 2300 505 2364 cui
537 2299 724 2382 simpliciter
755 2300 788 2360 et
814 2295 883 2359 sine
914 2293 982 2358 ulla

35 2391 208 2472 exceptione
237 2411 286 2462 ea¹
309 2391 380 2453 laus
411 2388 513 2452 tribui
542 2387 658 2470 possit,
689 2389 726 2449 ut
756 2383 839 2449 bene
866 2381 982 2446 Latine

37 2478 186 2560 scripsisse
206 2477 341 2541 dicatur.
367 2476 516 2540 Proxime
535 2475 664 2559 quidem
681 2477 826 2538 veterum
844 2471 982 2556 gloriam

38 2569 226 2630 accesserunt
249 2569 283 2629 et
304 2566 341 2650 ii,
365 2586 445 2649 quos
468 2563 565 2628 modo
588 2561 767 2644 nominavi,
794 2564 828 2624 et
854 2559 910 2623 alii
933 2579 982 2622 sa-

38 2651 74 2714 tis
92 2654 195 2736 multi;
217 2675 323 2736 neque
345 2653 506 2716 immerito
530 2649 744 2716 commendati
768 2651 843 2712 sunt
866 2650 923 2710 aut
944 2645 983 2728 is,
1027 2653 1030 2658 '

40 2741 85 2820 qui
99 2763 199 2824 pauca
218 2741 348 2826 quidem
367 2740 507 2824 scripsit,
526 2739 581 2802 sed
599 2739 634 2802 in
652 2737 819 2802 scribendo
839 2734 983 2799 omnium

39 2829 233 2908 politissimus
266 2829 466 2912 maximeque
497 2828 628 2891 limatus
659 2826 806 2908 idemque
843 2823 883 2887 ab
916 2842 982 2886 om·

40 2915 120 2981 nibus
142 2916 274 3000 ineptiis
297 2916 530 2982 remotissimus
552 2915 629 2998 fuit,
650 2913 789 2979 Ioannes
808 2909 904 2994 Casa,
927 2911 984 2972 aut

41 3003 82 3065 vir
104 3005 135 3069 in
162 3004 342 3070 scribendis
371 3004 514 3088 epistolis
537 3001 663 3066 Latinis
692 2999 848 3084 singulari
874 2999 983 3080 lepore

87 3197 108 3261 *l
131 3195 230 3250 Malim
256 3211 358 3250 aarum
395 3194 447 3248 Est
480 3193 593 3262 quidem
623 3191 763 3248 cosmatis
795 3188 880 3244 semel
908 3187 985 3259 apud

44 3260 184 3340 Ciceronem
210 3267 290 3320 Brut.
315 3272 357 3320 67.
395 3264 450 3319 Sed
473 3263 559 3319 semel
582 3264 632 3317 aut
653 3261 794 3316 rarissime
818 3259 899 3314 dictis
923 3260 985 3314 abs-

44 3335 117 3388 tinere
137 3337 304 3406 prudentius
330 3337 385 3402 est,
411 3335 487 3403 quod
510 3349 593 3403 saepe
623 3333 736 3399 accidit,
764 3330 901 3397 attalia,
928 3347 985 3384 me·

44 3400 142 3460 lioribus
160 3407 241 3461 libris
260 3405 408 3476 inspectis,
434 3405 535 3460 uitiosa
556 3403 739 3472 reperiantur.
767 3402 844 3454 ldem
862 3399 985 3468 intelligi

46 3474 94 3527 volo
115 3477 147 3530 de
169 3476 307 3532 vocabulo
331 3477 443 3530 1111111110
466 3475 542 3544 apud
565 3473 620 3528 Cic.
646 3474 681 3526 de
704 3472 780 3527 Orat.
803 3471 837 3523 H.
861 3475 903 3523 35.
927 3483 983 3536 quo

47 3539 151 3602 Muretus
169 3565 237 3602 usus
255 3549 300 3601 est
317 3547 436 3617 saepius.
464 3545 576 3599 Ruhnk.
