2360 3944
197 246 240 310 22
573 245 709 300 ORATIO
727 245 774 300 111.

196 390 310 474 Itaque
341 391 477 474 primus,
508 393 545 453 ut
576 391 781 474 meministiS,
818 411 923 455 annus
958 391 993 454 in
1029 391 1135 474 aliquot-

197 478 353 543 Verrinae
389 478 601 543 accusationis
636 479 793 543 librorum
829 480 1038 563 explicatione
1074 500 1135 542 eon·

197 571 344 650 sumptus
358 569 420 650 cst3
439 567 578 631 secundo
598 566 788 630 dissidentes
807 571 951 632 veterum
969 568 1007 632 de
1026 589 1134 632 summo

196 655 283 720 bono
312 656 489 720 sententias
521 655 661 738 quinque
693 655 784 718 libris
813 657 974 740 expositas
1004 659 1135 720 accurate

197 745 356 828 persecuti
380 765 502 826 sumus3
525 743 657 807 tertium
676 741 883 807 Catilinariae
907 744 969 808 sibi
989 744 1136 809 orationes

197 833 414 914 vindicarunt3
432 831 494 896 hoc
513 834 620 896 autem
639 835 768 915 quarto,
787 853 882 915 quem
900 853 987 896 nunc
1005 832 1136 896 felicibus

196 921 395 1006 ingredimur
417 919 582 1003 auspiciis,
609 941 689 1003 quas
711 920 816 1003 vobis,
842 919 1029 1005 Auditores,
1055 942 1136 1006 quarn

197 1009 370 1092 exquisitas
398 1029 557 1091 quamque
584 1009 765 1090 praeclaras
792 1009 958 1073 avidarum
988 1009 1136 1074 doctrinae

196 1098 354 1160 mentium
386 1097 497 1180 epulas
529 1097 694 1180 apparavit
735 1097 872 1161 Decrevi
904 1098 990 1160 enim
1027 1097 1137 1160 animos

197 1188 320 1250 vestros
344 1185 415 1268 ipsa
438 1184 487 1248 sui
510 1185 696 1270 cognitione
719 1205 862 1268 pascere,
890 1206 1063 1268 eorumque
1084 1185 1138 1248 rim

198 1273 237 1336 ab
262 1274 411 1337 omnibus
438 1273 534 1356 rebus
562 1273 702 1336 externis
726 1277 906 1357 avocatam,
933 1276 1039 1338 totam
1059 1274 1092 1336 in
1111 1293 1137 1334 11

196 1361 300 1444 ipsam
318 1362 469 1447 colligere
489 1361 580 1426 etad
598 1365 733 1425 naturae
752 1383 828 1426 suae
847 1361 1138 1446 contemplationem

195 1450 375 1534 traducere,
412 1471 469 1514 vos
506 1449 642 1533 denique
673 1450 762 1533 ipsos
793 1450 884 1514 vobis
917 1450 1082 1514 ostendere
1113 1451 1138 1510 et

196 1537 285 1600 illam
317 1539 444 1602 divinae
476 1559 572 1602 aurae
603 1535 846 1624 particulam*),
879 1559 960 1621 quae
991 1539 1028 1602 in
1057 1535 1138 1602 nobis

198 1625 346 1689 omnibus
363 1627 453 1708 latet,
467 1625 733 1690 considerandam
746 1626 1065 1710 cognoscendamque
1078 1645 1138 1708 pro-

196 1734 324 1796 ponere.
360 1712 580 1776 Excutiendae
611 1713 706 1777 nobis
738 1717 834 1778 crunt
865 1735 976 1779 omnes
1008 1718 1139 1778 veterum

196 1801 464 1884 philosophorum
481 1801 708 1885 bibliothecae,
729 1803 955 1884 perlustranda
972 1803 1076 1867 omnis
1094 1821 1139 1863 an·

196 1889 342 1974 tiquitas,
374 1889 559 1973 replicanda
591 1890 736 1954 omnium
767 1894 912 1955 veterum
943 1890 1140 1955 historiarum

196 1982 542 2062 monumentorumque
565 1979 732 2062 memoria,
754 1983 792 2043 ut
815 1979 967 2062 sciamus,
994 1979 1071 2062 quid
1092 1977 1139 2040 ho-

196 2067 299 2132 mines
327 2067 556 2152 sapientissimi
588 2066 627 2131 de
658 2066 808 2132 humanis
841 2067 956 2132 animis
984 2065 1141 2145 senserint,

196 2156 312 2237 quibus
331 2156 511 2219 rationibus
531 2159 563 2218 et
581 2155 780 2238 argumentis
795 2155 925 2220 adducti
943 2155 1068 2220 divinos
1082 2174 1140 2217 1111

196 2263 251 2306 111
280 2245 312 2306 11
338 2242 488 2306 interitus
516 2245 661 2325 expertes
689 2264 762 2307 cum
790 2244 863 2327 sibi,
890 2247 960 2308 tum
988 2245 1060 2308 aliis
1081 2263 1141 2326 per-

196 2331 368 2412 suaserint3
388 2329 582 2414 exagitanda
600 2333 633 2394 et
651 2331 856 2417 coarguenda
875 2355 987 2396 eorum
1005 2332 1142 2411 caecitas,

196 2419 351 2501 amentia,
377 2418 577 2502 immanitas,
605 2419 660 2501 qui
688 2421 752 2483 alia
779 2421 814 2483 in
837 2420 989 2503 opinione
1017 2420 1142 2498 fuerint,

196 2505 434 2569 confirmandus
454 2527 491 2570 ac
510 2507 702 2570 muniendus
722 2508 847 2572 animus
868 2508 1020 2573 adversus
1038 2506 1142 2572 mortis

195 2596 330 2677 metum,
349 2594 541 2678 proferenda
555 2595 700 2678 exempla
713 2616 838 2680 eorum,
857 2597 912 2679 qui
930 2600 1068 2661 mortem
1080 2615 1142 2679 par·

195 2681 254 2746 tim
278 2683 507 2747 adventantem
529 2683 707 2766 despicatui
724 2684 898 2749 habuerint
916 2706 954 2749 ac
971 2707 1031 2768 pro
1049 2683 1142 2748 nihilo

194 2772 393 2853 putaverint,
416 2771 534 2854 partim
557 2771 656 2836 etiam
678 2776 883 2837 cunctantem
911 2773 1025 2858 cupide
1049 2791 1144 2836 accer-

197 2859 317 2923 sierint.
360 2857 464 2923 Stulte
491 2859 538 2924 illi
571 2860 713 2944 quidem,
745 2863 801 2926 sed
832 2865 942 2926 tamen
973 2864 1010 2926 ut
1042 2861 1143 2944 aperte

197 2949 415 3031 ostenderent,
443 2969 476 3012 se
505 2947 595 3012 nullo
625 2948 720 3012 modo
749 2949 787 3013 de
815 2951 996 3016 animorum
1022 2949 1144 3013 immor·

196 3037 321 3101 talitate
345 3037 505 3120 dubitare,
533 3039 570 3100 ut
597 3036 759 3122 corporeis
787 3038 922 3103 vinculis
946 3038 1033 3102 exuti
1055 3057 1091 3100 11
1113 3035 1144 3097 li·

194 3122 265 3186 beri
297 3125 332 3187 in
363 3126 435 3190 illas
468 3125 572 3209 sedes,
604 3123 655 3188 in'
672 3124 788 3208 quibus
820 3147 918 3208 puros
950 3147 970 3190 a
997 3126 1146 3191 scelerum

196 3213 392 3296 contagione
416 3214 540 3277 animos
562 3215 638 3296 post
661 3213 786 3277 obitum
809 3215 930 3278 versari
953 3213 1146 3298 acceperant,

195 3299 371 3364 evolarent.
413 3298 440 3363 Ο
468 3301 667 3383 praeclaram
699 3301 953 3386 disputationem
985 3305 1017 3366 et
1043 3303 1146 3365 vestro

252 3508 277 3574 ²¹⁴)
296 3505 393 3558 Horat.
414 3505 473 3558 Sat.
492 3507 526 3559 II.
546 3512 570 3558 2.
592 3467 632 3560 19.

309 3575 402 3642 Atque
422 3573 515 3644 affigit
532 3575 616 3628 humo
635 3576 747 3632 divinae
759 3578 930 3646 particulam
949 3594 1040 3634 curce.
