2330 3944
393 217 529 275 onemo
549 220 622 276 nui.
925 224 988 289 125

55 366 101 428 bus
126 385 177 429 cor
203 365 346 428 saucium
378 367 427 428 est
455 366 601 430 caelestis
629 367 715 431 illius
743 365 910 453 Cupidinis
939 391 987 434 sa-

53 455 127 538 gitta,

79 557 142 628 Quos
160 559 247 627 tetiqit
264 558 340 612 iaetu
358 561 446 612 certus
464 557 501 612 ad
519 573 580 612 osso
598 558 688 625 Deus,

52 653 78 712 ut
100 646 248 734 Umbcr¹)
285 652 382 732 polita
412 649 563 732 loquitur.
610 648 714 724 Quam
748 673 842 734 saepe
876 673 986 716 eorum

51 758 288 820 unumquemque
316 737 465 802 credibile
489 742 537 801 est
561 759 669 802 secum
691 739 726 802 in
757 741 864 804 animo
882 739 986 805 Hora·

50 827 121 888 tiana
141 826 196 889 illa
204 823 231 911 ²)
255 829 434 910 reputasse:

80 929 109 982 c't
124 945 177 984 noa
196 931 294 999 tanqu,
312 931 410 998 quibus
427 931 558 984 mentitur
576 932 678 996 amica,
697 931 805 999 diesque

75 999 161 1070 Looqu
178 1001 289 1054 uidetur
307 1017 324 1054 o
341 1016 374 1055 us
392 1001 564 1065 debentibus;
582 1007 614 1054 ut
626 1003 708 1070 piper
726 1017 818 1056 atinus

76 1071 201 1140 Pupillis,
221 1087 289 1140 quos
326 1088 379 1126 uro
395 1073 495 1139 premit
512 1073 637 1126 custodio
654 1078 787 1126 matrum:

75 1141 114 1194 Sic
129 1143 196 1196 milei
214 1143 300 1196 tarda
317 1144 408 1210 fluunt
425 1144 589 1212 inmotaque
607 1148 740 1212 temporo,
759 1159 828 1214 quae
847 1159 919 1216 spem

75 1212 269 1282 Consiliumque
286 1217 429 1268 morantur
447 1215 547 1283 upendi
564 1215 696 1284 poenites.

98 1303 192 1368 Marti
223 1308 290 1369 este
318 1305 426 1370 animo
459 1326 496 1368 ae
523 1305 655 1389 virtute,
683 1306 828 1388 iuvenes,
856 1307 985 1389 quibus-

49 1413 152 1476 cunque
189 1415 288 1477 saepe
319 1394 355 1458 in
386 1397 528 1458 mentem
563 1395 626 1458 ista
662 1398 833 1476 venerunt,
871 1395 986 1478 quibus

48 1481 165 1546 iucunda
192 1482 354 1546 industria
382 1484 443 1567 est,
476 1482 587 1546 odiosa
615 1483 764 1566 cessati0,
798 1481 914 1564 quibus
942 1483 987 1546 la·

49 1569 102 1634 lori
123 1571 211 1654 quies
238 1575 300 1654 est,
326 1571 418 1635 labor
441 1571 555 1654 quieti,
584 1571 638 1654 qui
665 1574 736 1634 tum
759 1570 896 1654 denique
919 1572 987 1636 uita

50 1679 76 1720 ac
95 1660 203 1742 spiritu
229 1659 294 1723 frui
317 1659 408 1724 vobis
431 1659 597 1742 videmini,
620 1681 693 1724 cum
715 1659 750 1722 in
773 1659 888 1724 litteris
907 1663 986 1724 tem-

49 1769 94 1829 pus
107 1770 197 1812 omne
219 1748 422 1831 consumitis,
441 1748 496 1831 qui
515 1769 552 1812 eo
571 1748 648 1812 estis
664 1748 845 1813 animorum
865 1748 987 1832 ardore,

49 1839 76 1898 ut
97 1837 127 1900 in
152 1837 212 1901 illa
238 1836 358 1900 directa
381 1839 414 1900 et
437 1835 550 1920 ardua,
577 1840 615 1900 ut
638 1837 684 1902 ait
706 1834 917 1925 Hesiodus³),
946 1837 987 1902 ad

49 1923 179 1990 virtutem
202 1925 259 1990 via
281 1947 442 2010 nusquam
465 1925 615 2010 strigare,
643 1925 804 2008 nusquam
831 1925 986 1989 interiun-

51 2033 117 2097 gere‚
136 2015 195 2078 sed
221 2035 294 2078 eam
316 2035 381 2078 nno
404 2012 582 2100 tempore4)
612 2035 649 2077 ac
673 2013 787 2096 spiritu
815 2015 931 2092 totam,
960 2014 988 2077 si

50 2099 102 2164 lieri
119 2107 246 2188 posset,
274 2102 440 2167 exhaurire
469 2124 505 2166 ao
533 2123 683 2186 superare
713 2101 880 2185 cuperetis,
916 2099 1015 2166 Hac·

49 2190 87 2252 ria
106 2195 230 2256 veteres
254 2192 314 2276 illi,
338 2213 418 2275 quos
438 2191 633 2255 admiramur
651 2211 688 2257 ao
708 2190 914 2274 suspicimus,
938 2212 986 2254 sa·

46 2275 167 2359 pientiae
181 2302 334 2364 proceres
349 2281 447 2364 vulgo
463 2301 532 2346 sese
547 2282 746 2364 exemerunt,
764 2279 825 2344 hac
840 2301 874 2344 se
889 2301 987 2364 supra

48 2371 150 2434 ceteros
164 2369 321 2434 mortales
336 2368 528 2453 extulerunt,
541 2368 603 2432 hac
617 2367 800 2454 gradientes
814 2389 882 2432 non
891 2368 986 2432 modo

47 2454 208 2522 floruerunt
231 2457 317 2522 inter
340 2458 490 2540 aequales
514 2479 603 2540 suos,
630 2456 686 2520 sed
713 2456 748 2520 in
776 2478 905 2521 omnem
931 2479 987 2540 po-

47 2545 209 2610 steritatem
218 2567 339 2610 nomen
353 2545 415 2610 sibi
429 2567 466 2610 ac
480 2545 577 2610 decus
591 2545 771 2610 immortale
785 2548 988 2630 pepererunt.

48 2629 128 2698 Cuius
147 2638 260 2699 autem
278 2635 427 2720 ignaviae
446 2634 556 2716 fuerit,
575 2655 630 2699 eos
650 2633 778 2719 quidem
796 2637 833 2698 ut
850 2655 988 2718 magnos

47 2723 187 2802 quosdam
216 2744 254 2786 ao
286 2725 489 2806 praestantes
516 2722 602 2787 viros
633 2721 765 2786 laudare
793 2743 830 2786 ac
858 2721 987 2805 deprae-

7 2835 8 2838 ¹
47 2809 182 2898 dicare⁵):
208 2814 242 2876 et
260 2814 370 2876 tamen
391 2814 519 2895 torpere
538 2832 575 2875 ac
593 2832 787 2876 marcescere
803 2810 869 2876 otio
884 2811 988 2890 malle,

48 2919 126 2979 quam
153 2903 192 2965 ut
221 2921 334 2964 eorum
361 2897 481 2964 similes
509 2899 694 2982 evadamus,
727 2920 858 2983 operam
890 2898 988 2962 dare?

46 2983 106 3052 Non
124 2991 174 3054 est
194 2988 337 3054 eiusdem
356 2989 455 3052 animi
473 2988 667 3052 industriam
684 2987 816 3052 laudare
836 2991 868 3050 et
887 2987 989 3050 otium

47 3077 196 3160 amplecti3
218 3099 288 3142 non
307 3077 389 3164 serio
412 3076 538 3160 laudat,
561 3077 615 3160 qui
638 3098 705 3140 non
727 3078 759 3140 et
778 3075 988 3158 concupiscit3

46 3183 99 3228 non
120 3187 160 3230 ex
184 3166 293 3230 animo
317 3163 507 3249 admiratur,
530 3166 675 3250 quinon
698 3167 730 3229 ct
752 3163 906 3228 imitatur.
944 3163 990 3228 At

7 3325 8 3328 Ἴ
46 3248 126 3338 bene,
149 3253 237 3338 quod
260 3275 298 3318 ex
325 3254 388 3319 isto
412 3275 546 3318 numero
574 3254 668 3318 multi
695 3275 763 3318 non
786 3252 881 3318 otiosi
905 3257 989 3317 vete·

7 3433 8 3438 ’
89 3429 113 3493 1)
130 3428 259 3499 Propert.
279 3429 312 3484 II.
332 3435 375 3484 34.
395 3435 437 3484 60.
475 3432 501 3497 2)
521 3427 609 3498 Epist.
625 3429 646 3482 I.
664 3434 686 3482 1.
701 3433 735 3483 20
750 3447 810 3497 sqq.
848 3431 874 3492 3)
895 3427 945 3496 Op.
961 3429 990 3481 et

7 3489 8 3510 ¹
46 3492 70 3547 D
84 3502 139 3552 290.
204 3503 232 3566 4)
248 3499 397 3568 Scripsisse
412 3499 524 3554 videtur
538 3515 594 3554 uno
609 3505 705 3555 tenore.
721 3499 757 3552 M.
831 3503 857 3566 5)
873 3496 989 3566 Compo-

7 3567 9 3660 ξ
46 3568 118 3622 situm
136 3570 331 3649 depraedicare
349 3571 509 3626 inauditum
527 3569 636 3625 Latinis
655 3571 705 3625 est.
739 3568 850 3623 Ruhnk.
