2326 3942
154 163 222 227 216
507 159 716 216 PRAEFATIO
735 159 769 214 V.

155 307 185 372 si
213 307 294 391 sola,
325 310 363 372 ut
393 305 487 372 initio
519 303 598 389 dixi,
629 304 847 389 praemiorum
880 305 1113 388 exspectatione

154 395 312 482 praeclari
338 395 399 460 viri
427 395 468 460 ad
498 394 651 458 virtutem
683 393 786 456 etad
812 393 988 458 iuvandum
1016 414 1113 478 genus

155 485 323 550 hominum
351 480 595 566 adducerentur,
622 482 716 546 multi
743 482 812 546 sine
840 482 952 564 dubio,
980 483 1112 566 cognitis

157 573 293 638 aliorum
317 573 456 655 casibus,
480 595 500 636 a
521 571 688 657 proposito
712 571 953 636 abducerentur.

225 659 287 726 Sed
310 666 360 726 est
382 662 539 746 profecto,
561 659 738 745 Mocenice,
761 663 811 724 est
833 659 938 724 maior
961 659 1112 743 quaedam

156 750 220 834 vis,
243 773 324 836 quae
346 751 408 816 tibi
429 773 467 816 ac
488 751 537 815 tui
560 749 718 814 similibus
747 749 940 833 persuadeat
967 749 1112 812 virtutem

156 860 225 906 non
246 841 343 904 modo
366 840 517 904 detractis
535 839 692 909 omnibus¹
703 837 868 921 praemiis,
890 835 1114 902 verumetiam

157 929 333 1014 propositis
357 929 506 993 omnibus
529 927 693 1012 suppliciis
712 947 781 991 esse
799 926 1027 1010 expetendam
1050 925 1115 1008 pul-

159 1038 248 1082 crum
286 1039 356 1082 esse
388 1017 537 1082 adiuvare
569 1017 652 1080 cives
687 1037 776 1098 suos,
809 1019 842 1079 et
873 1035 986 1080 onmes
1019 1035 1114 1096 curas,
1156 1019 1157 1096 l

159 1127 272 1170 omnes
303 1105 529 1190 cogitationes,
561 1126 677 1170 omnes¹
699 1103 827 1189 vigilias
858 1104 894 1168 in
924 1103 1116 1188 reipublicae
1156 1155 1157 1160 ,

159 1195 263 1258 salute
277 1195 426 1280 defigere,
443 1196 567 1258 nullum
581 1194 649 1258 eius
663 1215 777 1259 caussa
789 1193 979 1276 periculum,
996 1192 1116 1256 nullam
1156 1195 1157 1204 ’

160 1282 400 1348 dimicationem
433 1283 596 1368 defugere3
633 1283 718 1347 cives
754 1282 917 1347 beneficiis
954 1281 1063 1346 affecti
1092 1279 1116 1344 si

161 1371 239 1456 quid
260 1373 477 1456 praemiorum
498 1371 680 1456 retulerint,
702 1392 770 1435 non
791 1371 1041 1454 repudiandum:
1072 1369 1116 1433 sin

85 1471 88 1480 '
159 1481 275 1544 parum
299 1462 383 1546 grati
409 1483 586 1546 parumque
608 1481 767 1524 memores
794 1459 927 1542 fuerint,
955 1457 1034 1543 quid
1062 1479 1117 1521 nos

161 1549 298 1634 denique
329 1550 535 1634 reipublicae,
566 1571 633 1614 non
664 1549 742 1634 quid
769 1548 825 1612 alii
852 1547 945 1613 nobis
973 1547 1117 1626 debeant,

162 1637 378 1720 cogitandum.
407 1637 508 1722 Saepe
527 1639 612 1702 enim
635 1641 729 1702 exte
753 1637 873 1718 audivi,
895 1657 967 1701 cum
991 1635 1118 1716 diceres,

161 1725 319 1810 gratulari
345 1729 377 1790 te
404 1727 478 1809 tibi,
505 1730 538 1791 ct
564 1747 717 1812 magnam
745 1727 884 1812 gratiam
911 1725 1027 1789 debere
1055 1747 1117 1788 om-

161 1814 253 1878 nium
275 1835 382 1880 rerum
404 1815 599 1881 moderatori
620 1815 704 1900 Deo,
732 1815 818 1904 quod
841 1837 879 1879 ea
900 1814 936 1878 in
958 1813 1119 1898 republica

161 1905 260 1968 natus
282 1917 381 1988 esses,
404 1905 439 1970 in
462 1927 526 1990 qua
542 1905 716 1970 verendum
734 1926 802 1969 non
821 1907 917 1986 esset,
939 1923 1008 1967 non
1026 1902 1117 1966 modo
1156 1911 1157 1916 ’

162 2013 204 2056 ne
237 1993 407 2078 quisquam
439 1995 481 2060 ob
511 1995 663 2059 virtutem
694 1994 729 2058 in
759 1993 914 2058 invidiam
945 1995 1119 2072 vocaretur,

164 2081 284 2146 sedne
307 2083 357 2148 vel
384 2083 527 2148 minimis
553 2084 588 2147 in
614 2083 846 2166 rempublicam
873 2080 1037 2146 beneficiis
1066 2101 1120 2144 sua

163 2171 309 2253 praemia
336 2172 582 2258 denegarentur,
611 2173 666 2236 sed
693 2171 860 2236 tamensi
890 2171 1026 2236 vixisses
1057 2169 1118 2232 illis

164 2260 379 2344 temporibus,
411 2265 444 2326 et
475 2262 638 2346 optionem
664 2261 725 2325 tibi
751 2259 840 2324 Deus
866 2259 1007 2341 tulisset,
1036 2257 1118 2326 Oica·

164 2348 254 2412 ronis
281 2348 445 2414 fortunam
474 2351 514 2416 ab
546 2349 624 2414 urbe
657 2351 846 2414 conservata
872 2349 1033 2413 exulantis
1059 2348 1119 2412 fcr-

165 2440 264 2500 tunae
288 2435 447 2524 Caesaris,
474 2439 509 2504 in
536 2440 647 2504 eadem
670 2459 825 2522 oppressa
847 2437 1044 2503 dominantis
1068 2459 1118 2500 an-

165 2525 381 2607 tepositurum
411 2528 518 2593 fuisse.
563 2527 612 2592 Ac
643 2527 739 2611 plane
770 2527 818 2592 ita
849 2530 911 2611 est,
942 2531 979 2592 ut
1010 2526 1119 2592 dicam¹

167 2611 317 2680 Gratuita
338 2637 482 2700 prorsus,
505 2639 572 2682 non
593 2616 790 2681 mercenaria
812 2619 862 2682 est
882 2617 998 2700 virtus,
1020 2635 1119 2699 neque

167 2705 383 2787 praemiorum
410 2707 607 2771 mercedibus
634 2705 676 2770 ad
702 2709 787 2770 recte
815 2705 976 2790 agendum
1000 2704 1119 2770 excelso

167 2793 315 2859 homines
333 2795 477 2880 ingenio,
502 2796 557 2860 sed
574 2795 646 2878 ipsa'
663 2795 822 2879 dignitate
840 2797 937 2880 atque
954 2794 1119 2860 honestate

72 2875 83 2905 '
168 2884 342 2968 ducuntur,
370 2887 426 2948 aut
453 2885 481 2950 si
508 2883 636 2968 quando
665 2882 704 2948 de
732 2884 840 2968 aliquo
867 2883 1011 2966 praemio
1038 2881 1118 2966 cogi·

167 2976 253 3057 tant,
281 2973 319 3038 de
347 2975 450 3058 gloria
477 2974 578 3058 deque
605 2973 848 3038 immortalitate
875 2972 1017 3037 nominis
1040 2970 1119 3054 cogi-

167 3065 254 3145 tant,
281 3062 370 3128 cuius
399 3063 567 3148 splendore
590 3063 677 3146 capti
699 3065 733 3127 et
753 3061 889 3146 incensi,
912 3061 1022 3126 omnia
1043 3079 1119 3144 quae

169 3172 296 3233 aspera,
319 3153 468 3235 molesta,
491 3151 632 3218 difficilia
653 3173 820 3239 perpessu,
846 3150 1040 3234 impatibilia
1059 3168 1119 3214 cre-

169 3239 302 3322 duntur,
338 3242 389 3304 vel
420 3263 487 3306 non
524 3241 668 3306 sentiunt
698 3242 749 3308 vel
785 3239 962 3324 despicatui
999 3239 1118 3303 ducunt.

65 3341 71 3355 “
168 3325 283 3413 Neque
310 3350 385 3393 vero
407 3329 451 3395 M.
475 3330 612 3413 Tullius,
639 3353 711 3396 cum
740 3330 778 3394 de
805 3328 980 3394 coniuratis
1008 3325 1117 3412 suppli-

170 3418 256 3483 cium
271 3421 423 3501 sumeret,
440 3440 507 3484 non
525 3420 590 3484 iam
608 3422 678 3484 tum
697 3418 892 3503 cogitatione
911 3416 1119 3502 praecipiebat

169 3526 226 3569 eas
257 3509 479 3590 tempestates,
514 3507 630 3591 quibus
661 3512 774 3592 postea
809 3509 942 3572 vexatus
974 3511 1036 3591 est,
1071 3502 1118 3569 sed
