2368 3956
400 197 519 255 CAPUT
537 199 636 256 XXIV.
930 201 992 264 149

60 344 156 408 traina
186 342 284 411 solent
308 365 330 408 a
355 349 432 410 reate
462 344 644 410 comatendo
674 349 765 428 atquo
793 345 993 428 intelliyendo.

60 433 149 518 ltaque
172 454 240 498 non
263 433 333 498 sine
355 453 469 498 caussa
491 433 613 500 dictum
636 437 686 499 ert
709 433 749 498 ab
763 431 900 500 Horatio
908 433 948 523 ¹):

90 576 126 586 -
146 575 191 588 -
214 539 285 605 tene
305 539 387 621 ferre
408 559 556 622 mannam

90 627 175 694 Disce
195 628 366 710 santernam.
517 713 543 802 ἱ)

363 761 365 766 ,
479 721 513 782 et
547 768 557 801 ,

89 806 224 888 Aeqnarn
244 810 392 872 neemcnto
413 805 502 872 rcbns
524 808 559 871 in
580 805 690 872 arduis

90 894 213 960 Sonare
234 899 381 960 mentem:
403 915 466 960 non
487 915 572 960 secas
593 896 629 960 in
652 895 739 961 tonis

89 983 133 1048 Ab
154 984 302 1049 insolenti
324 988 523 1066 temperatam

88 1072 228 1138 Laetitia

481 1157 556 1248 eff),

88 1249 185 1315 Rebus
206 1250 348 1334 ααναααίτ
369 1249 527 1316 animosas
549 1253 639 1331 aloen

89 1338 192 1404 Fortis
213 1358 338 1422 appare.
382 1337 545 1422 Sapienter
565 1341 647 1403 idern

89 1425 276 1494 dorrtralrcns
296 1432 383 1494 cento
404 1428 540 1492 niniam
560 1424 689 1492 secando

359 1517 498 1601 anyida
518 1513 608 1581 veta

54 1620 174 1708 Altaque
189 1623 294 1688 multa
306 1621 419 1688 ecdem
441 1623 646 1706 pertinentia.
681 1617 757 1687 Non
776 1643 897 1707 pauco·
911 1621 996 1686 enim

54 1710 182 1796 fortuna,
212 1732 292 1796 quas
322 1711 457 1776 adversa
483 1733 551 1777 non
573 1714 731 1795 moverat,
758 1711 900 1796 propitia
926 1733 996 1796 per-

54 1799 130 1864 culit:
151 1801 328 1884 multisque
352 1800 539 1886 contingere
562 1799 706 1866 videmus
730 1799 776 1884 id,
804 1801 890 1886 quod
913 1798 997 1864 Tan-

54 1889 106 1952 talo
132 1889 309 1974 contigisse
336 1889 383 1953 ait
410 1887 584 1974 Pindarus,
613 1910 708 1974 quem
736 1885 815 1976 ait‘)
848 1889 997 1998 nequisse

54 1997 237 2062 concoquere
260 1977 447 2042 felicitatem
466 1999 566 2043 suam.
611 1978 656 2042 Ei
678 1973 716 2042 dl
735 1973 776 2086 tq
800 1970 864 2041 τιν’
890 1977 997 2060 antea

53 2063 168 2132 θνατὸν
197 2060 364 2150 Ὀλύμπου
396 2064 513 2132 cncncl
546 2064 720 2150 ἐτίμασαν,
752 2090 796 2149 ην
831 2061 999 2140 Τάνταλος

55 2143 151 2238 οὗτος,
175 2149 262 2220 ἀλλὰ
284 2150 350 2239 γὰρ
372 2153 556 2234 καταπέψαι
578 2153 684 2239 μέγαν
711 2149 814 2238 ὄλβον
842 2147 904 2219 οὐκ
926 2152 998 2218 ἐδν-

52 2240 161 2327 νάσθη.

378 2383 521 2452 OAPUT
543 2383 664 2452 XXIV.

54 2503 287 2560 aasumensi
308 2505 358 2560 aa
381 2493 665 2562 cascamcncnn
687 2505 815 2560 Arcen
838 2503 926 2560 assa
949 2505 999 2558 Aa

94 2593 298 2649 ananciten
315 2594 568 2664 mannassen,
586 2593 749 2660 Aaicccn
769 2594 951 2648 annuens

380 2682 658 2738 counlnuncan.

108 2788 261 2857 Brevitas
284 2793 437 2877 loquendi
459 2797 493 2858 et
515 2793 671 2858 sermonis
695 2791 874 2858 obscuritas
900 2789 999 2874 impe-

50 2877 162 2944 riosum
191 2881 345 2966 quiddam
370 2881 484 2966 habet,
512 2881 646 2966 ideoque
675 2880 843 2965 aptissima
870 2882 920 2943 est
942 2879 1000 2942 mi·

49 2968 195 3034 nantibus
226 2973 376 3054 utraque,
411 2970 605 3055 mirificeque
638 2971 769 3053 prodest
801 2969 842 3033 ad
874 2967 1000 3032 animos

51 3075 166 3142 acrum,
192 3058 382 3142 quibuscum
405 3060 545 3144 agimus,
567 3056 883 3143 perterrefaciendos.
914 3053 999 3120 Nam

49 3146 127 3210 utin
145 3147 291 3212 tenebris
309 3147 414 3234 magis
436 3149 592 3213 timentur
610 3147 721 3212 omnia
743 3167 840 3230 quarn
862 3146 897 3209 in
915 3145 999 3209 luce:

50 3232 87 3295 sic
111 3235 189 3300 illae
219 3235 375 3302 cretionis
404 3237 496 3321 quasi
524 3236 675 3302 tenebrae
706 3234 900 3300 terribiliora
931 3231 1000 3298 red-

49 3319 121 3388 dunt
134 3343 184 3409 ca,
200 3345 282 3409 quae
300 3328 534 3410 proponuntur.
570 3323 680 3410 quue,
703 3327 740 3389 ut
754 3325 878 3410 opinor,
901 3322 1000 3386 secuti

114 3481 133 3548 ¹)
154 3480 315 3536 Carmlll
335 3487 377 3552 27,
397 3488 439 3537 74.
526 3481 656 3549 &Carra
675 3479 710 3535 11.
730 3487 755 3549 ³,
776 3485 799 3536 1.

111 3551 132 3621 ⁸)
153 3551 247 3608 Carm.
265 3552 300 3606 ΙΙ.
320 3559 362 3608 10.
383 3559 426 3608 21.
525 3553 547 3624 ⁴)
566 3553 675 3623 Olymp.
695 3553 715 3606 Ι.
735 3557 777 3606 86.
