2330 3944
394 169 530 230 ORATIO
544 171 592 226 XI.
917 174 980 238 113

34 324 71 384 csi
88 317 281 398 cul-fastidii
303 317 521 384 delicatissimi.
553 317 640 382 Mili
658 319 778 400 quidem
801 318 882 383 culli
903 321 981 386 scis

35 407 130 472 cmliii
146 407 301 483 videatur,
319 405 430 487 quibes
447 410 554 471 melre
571 408 678 489 ipeom
696 411 776 473 suut.
808 405 897 472 Haeo
916 408 980 493 ille,

35 499 60 558 et
78 495 135 558 illis
159 495 290 577 quidem
313 493 525 578 temporibus,

76 649 130 688 cum
148 649 233 704 ocprcc
253 633 403 688 Musarum
421 634 545 702 scopulos
563 634 708 704 quisquam
726 635 916 704 superocut*)‚

35 764 60 823 et
70 760 105 844 is,
122 760 179 844 qui
195 759 260 827 hoc
275 760 417 844 scripsit,
435 759 562 825 Ennius
579 760 747 826 meliorum
762 761 872 845 inopia
890 762 980 844 prin-

34 849 119 932 cipem
141 849 252 914 locum
274 848 415 912 tenebat.
452 847 535 924 Quid
557 849 657 934 igitur
680 870 846 914 censemus
878 849 978 914 diotu-

35 960 92 1001 rum
110 937 212 1002 fuisse
236 933 437 1020 Ciceronem,
461 937 552 1002 siud
576 959 687 1002 eorum
709 941 892 1022 poetarum,
923 939 979 1022 qui

34 1029 128 1108 posteo
152 1025 346 1109 floruerunt,
368 1029 515 1110 tempore
537 1025 638 1090 vitarn
660 1027 836 1109 producere
855 1027 977 1112 potuis-

35 1115 90 1178 set‘l
123 1113 189 1190 Qui
217 1117 302 1179 certe
330 1117 367 1178 ut
394 1115 512 1180 veteris
539 1115 625 1178 illius
653 1113 793 1180 Romani
821 1116 978 1181 sermonis

35 1203 205 1288 integritate
236 1203 405 1268 inferiores
435 1203 556 1267 fuerint
587 1239 630 1250 -
663 1225 739 1269 suae
773 1204 859 1268 enim
893 1205 979 1289 quis·

37 1313 83 1373 que
112 1291 230 1356 aetatis
263 1314 360 1375 quam
391 1294 559 1356 atavorum
590 1313 723 1360 suorum
751 1313 897 1358 sermone
929 1293 978 1357 uti

36 1381 171 1463 malebat,
188 1415 232 1427 -
250 1380 427 1444 limatiores
449 1384 559 1446 temen
582 1383 615 1444 et
637 1381 788 1446 cultiores
812 1384 844 1444 et
867 1381 978 1446 multis

37 1469 153 1550 poeticis
176 1469 351 1534 virtutibus
379 1469 558 1552 superiores
586 1469 727 1534 fuerunt.
763 1467 852 1534 Num
878 1470 979 1554 igitur

37 1556 83 1621 hos
114 1557 237 1622 nitidos
278 1560 311 1621 et
350 1557 470 1640 politos
507 1558 766 1642 contempsisset,
808 1557 863 1641 qui
904 1558 978 1622 illos

37 1645 168 1710 horridos
195 1649 229 1710 et
254 1645 400 1730 impexos
427 1645 569 1712 studiose
596 1650 707 1712 temen
735 1668 772 1712 uc
806 1643 978 1731 diligenter

37 1733 208 1798 evolverat?

89 1821 148 1887 Sed
171 1827 209 1888 ut
235 1823 271 1888 in
293 1823 407 1888 ceteris
430 1823 515 1888 vitae
538 1824 698 1908 pertibus,
725 1825 771 1889 ite
793 1826 829 1888 in
851 1825 977 1889 ratione
1037 1835 1054 1862 ⁸

38 1911 198 1976 studiorum
230 1909 319 1980 varie
351 1934 371 1978 e
401 1913 498 1997 vulgo
530 1912 699 1978 hominum
730 1913 856 1997 peccori
888 1914 979 1978 solet.

37 1997 152 2064 Petrum
188 2003 223 2065 et
258 2022 392 2066 avorum
428 2005 613 2066 nostrorum
649 2001 816 2085 memoria,
853 2001 908 2084 qui
944 2022 978 2065 se

39 2088 161 2154 eruditos
183 2088 347 2174 perhiberi
366 2089 532 2174 volebant,
555 2090 685 2174 optimis
705 2089 884 2172 quibusque
904 2089 980 2153 scri-

38 2177 167 2258 ptoribus
192 2182 361 2262 tamquam
387 2179 585 2264 pervulgatis
613 2182 647 2243 et
668 2178 750 2243 nihil
773 2177 918 2242 abditum
941 2198 978 2241 ee

39 2269 182 2336 retrusum
209 2266 453 2334 continentibus
481 2268 588 2332 valere
615 2267 726 2350 iussis,
749 2267 784 2332 in
809 2266 881 2332 eliis
910 2267 977 2350 qui-

39 2352 157 2422 busdum
175 2355 414 2422 obscurioribus
437 2355 607 2440 minusque
629 2356 715 2420 tritis
739 2377 830 2420 suem
850 2376 979 2420 omnem

39 2440 213 2509 industriam
250 2443 461 2509 collocabant.
510 2443 624 2528 Itaque
666 2466 777 2510 eorum
818 2443 978 2527 plerisque

39 2533 147 2615 saepius
179 2533 216 2598 in
246 2532 395 2598 manibus
427 2536 497 2598 erat
527 2532 706 2618 Appuleius
739 2535 796 2596 eut
828 2529 978 2596 Sidonius

40 2617 235 2705 Apollinaris,
271 2643 369 2704 quem
405 2618 529 2704 Cicero;
564 2621 711 2686 Persium
748 2643 844 2705 quam
875 2619 978 2684 Hora·

40 2707 118 2793 lium,
146 2709 317 2778 Lucanum
348 2713 405 2776 aut
435 2707 649 2775 Claudianum
681 2731 777 2793 quam
804 2707 979 2792 Virgilium

39 2794 173 2864 libentius
196 2802 229 2864 et
251 2799 372 2864 maiore
396 2819 469 2863 cum
488 2799 594 2864 studio
614 2797 871 2882 pervolutebant.
899 2795 979 2860 Ani-

41 2886 193 2952 medrertit
213 2886 302 2951 hunc
325 2907 465 2952 errorem
487 2887 659 2972 insequens
688 2889 776 2951 oetas
800 2889 833 2949 et
855 2884 979 2967 Bembi‚

42 2967 158 3040 Setoleti
180 2996 218 3039 ae
241 2975 394 3042 similium
416 2979 449 3040 et
467 2977 612 3061 exemplo
631 2979 665 3040 et
683 2974 874 3040 auctoritate
894 2993 979 3036 com-

41 3065 114 3126 mota
134 3064 174 3128 ed
195 3063 409 3130 vetustiorum
434 3063 605 3131 lectionem
632 3063 907 3144 imitationemque
930 3082 980 3124 re·

42 3155 139 3218 vocale
161 3156 218 3216 est.

96 3236 152 3304 Sed
179 3244 324 3310 secutum
351 3245 401 3308 est
423 3242 510 3308 eliud
537 3243 672 3326 malum,
699 3243 811 3306 exorte
837 3239 979 3306 factione

43 3322 206 3410 ineptorum
227 3329 409 3417 hominum,
435 3331 492 3417 qui
517 3335 646 3418 praeter
672 3326 872 3415 Ciceronem,
901 3326 979 3395 Cae·

5 3495 6 3546 3
87 3518 108 3585 *)
124 3519 176 3577 Cic.
194 3522 266 3580 Brut
285 3529 331 3592 18,
352 3530 393 3580 71.

5 3647 7 3690 ,
87 3615 221 3666 iimmot.
803 3623 818 3667 8
