2360 3944
190 132 231 194 18
575 129 711 186 ORATIO
729 131 763 186 ll.

188 277 272 340 ravit
293 279 448 359 armatos,
470 279 507 340 ut
526 276 578 339 vel
600 275 804 339 inimicomm
821 274 1019 342 confessione
1036 277 1118 340 onmi-
1156 327 1157 330 ,

188 364 248 428 bus
275 363 447 447 triumphis
474 364 629 428 maiorem
651 363 786 446 adeptus
812 363 955 428 lauream
977 364 1119 428 diceretur.

188 451 259 516 Hac
290 452 441 516 instructi
471 452 526 536 qui
558 455 648 534 sunt,
679 451 782 516 maius
815 452 963 516 omnibus
994 454 1119 536 tyrannis

187 540 358 624 imperium
382 541 418 605 in
444 539 591 605 homines
619 539 780 622 obtinent3
808 539 835 604 si
858 540 985 623 quidem
1011 541 1121 624 tyranni

187 632 325 712 possunt
342 628 390 692 illi
404 627 532 712 quidem
546 648 682 711 corpora
695 627 928 713 constringere,
943 629 1053 692 animis
1065 629 1121 692 nul-
1157 671 1158 686 ,

187 717 253 781 lam
280 717 432 781 adhibere
454 717 520 780 vim
546 719 695 799 possunt,
722 716 758 780 hi
779 737 854 780 vero
878 716 1122 781 dominanturin

188 805 317 888 animis,
338 826 482 888 quaeque
502 803 581 887 ipsis
601 803 738 869 honesta
757 807 852 887 atque
870 804 965 870 'utilia
985 805 1123 885 videntur,

188 914 226 956 ea
239 915 307 958 non
320 892 426 956 facere
448 891 544 958 modo
560 891 653 975 alios,
668 891 834 956 sedetiam
847 892 928 956 velle
943 895 1071 978 cogunt3
1085 892 1122 954 illi

187 981 297 1046 invitis
310 981 485 1064 imperant,
503 980 538 1044 hi
551 980 747 1063 volentibns3
765 980 813 1043 illi
829 982 862 1044 et
880 980 1018 1046 oderunt
1030 1001 1123 1046 omnes

188 1072 221 1132 et
235 1068 338 1133 odiosi
353 1072 429 1133 sunt
442 1068 605 1152 omnibus,
623 1068 684 1133 hos
698 1068 733 1132 in
747 1089 842 1134 omne
857 1068 1026 1134 hominum
1038 1089 1124 1154 genus

187 1157 348 1221 beneficos
370 1160 525 1240 perpetua
547 1157 692 1221 omnium
715 1157 940 1222 benevolentia
962 1157 1124 1222 comitetur.

187 1243 300 1329 Neque
309 1265 385 1310 vero
399 1267 475 1329 non,
489 1245 544 1328 qui
554 1245 770 1328 eloquentiam
780 1248 984 1310 contemnere
999 1267 1032 1310 se
1045 1245 1124 1310 simu·

187 1333 270 1417 lant,
292 1333 379 1397 illius
401 1333 633 1417 praestantiam
653 1333 853 1418 intelligunt,
875 1333 931 1397 sed
949 1334 1035 1416 quod
1056 1354 1124 1397 assc-
1159 1381 1160 1412 ,

189 1421 243 1504 qui
262 1443 330 1486 non
348 1425 485 1506 queunt,
507 1421 664 1486 invidiose
682 1421 863 1504 vituperare
883 1422 1023 1505 malunt,
1045 1443 1125 1505 quam

187 1510 327 1594 ingenue
348 1510 387 1573 de
410 1510 628 1578 imbecillitate
651 1531 782 1574 sucrum
804 1509 920 1574 virium
943 1510 1091 1575 confiteri.

255 1594 418 1661 Orationis
441 1599 541 1682 igitur
563 1619 652 1661 meae
679 1619 803 1662 summa
825 1619 863 1662 eo
886 1597 969 1662 redit
992 1599 1126 1681 denique:

188 1685 285 1748 etiam
308 1685 335 1748 si
360 1685 443 1748 nihil
470 1685 600 1748 alinde
622 1685 716 1749 nobis
743 1686 957 1770 requireretur
980 1708 1073 1770 quam
1098 1688 1128 1748 ut
1160 1721 1161 1732 κ

187 1772 418 1856 explicaremus
444 1775 613 1856 po‘e‘tarum
639 1772 780 1858 fabulas,
808 1777 841 1840 et
867 1775 1028 1840 iuventuti
1049 1774 1127 1858 quasi

186 1861 269 1945 vias,
292 1861 408 1945 quibus
426 1861 467 1925 ad
486 1860 611 1926 dicendi
631 1861 820 1926 facultatem
836 1862 1004 1946 pervenire
1018 1865 1128 1947 posset,

186 1950 414 2036 indicaremus,
445 1953 555 2015 tamen
583 1971 687 2034 neque
714 1950 916 2015 mediocriter
946 1951 1129 2036 reipublicae
1161 1958 1162 2046 l

186 2039 338 2124 prodesse
361 2061 435 2124 nos,
457 2060 561 2123 neque
583 2039 690 2122 parvis
712 2038 748 2102 in
767 2039 863 2104 rebus
884 2038 1128 2104 contemnendis·
1161 2059 1162 2128 ζ

187 2149 248 2210 que
271 2128 401 2191 versari.
445 2126 541 2191 Nunc
563 2129 692 2190 tantum
714 2126 819 2212 abest,
846 2131 883 2192 ut
904 2148 943 2192 ea
965 2130 1070 2194 solum
1089 2147 1130 2189 re·

187 2215 357 2296 quirantur
379 2237 399 2278 a
420 2215 528 2298 nobis,
555 2218 592 2278 ut
617 2215 708 2280 nulla
735 2215 777 2279 sit
803 2237 855 2280 ars
879 2215 977 2299 digna
1000 2215 1130 2282 hominis

186 2301 362 2367 liberaliter
385 2303 513 2369 educati
540 2303 660 2387 studio,
687 2304 776 2368 cuius
803 2323 871 2368 non
900 2304 1009 2387 aliqua
1033 2303 1130 2388 cogni·

186 2389 275 2454 tione
303 2393 451 2474 oporteat
477 2391 615 2454 tinctum
642 2412 711 2455 esse
738 2412 824 2474 eum,
851 2391 906 2474 qui
933 2413 1052 2457 munus
1077 2392 1131 2456 hoe

187 2498 261 2542 cum
278 2478 372 2542 laude
391 2477 548 2542 sustinere
562 2478 742 2542 meditetur.
764 2478 878 2563 Itaque
896 2479 959 2544 hoo
976 2480 1062 2544 inter
1079 2500 1132 2544 noa

187 2569 220 2628 et
242 2565 322 2630 elios
345 2566 492 2650 interest,
520 2566 606 2650 quod
629 2566 684 2630 alii
707 2587 762 2631 eos
788 2570 931 2632 tractant
957 2569 1133 2652 scriptores,

187 2675 324 2738 quorum
350 2676 416 2719 uno
444 2654 551 2739 aliquo
576 2654 615 2718 de
642 2675 759 2740 genere
784 2658 855 2720 tota
877 2655 1054 2739 disputatio
1077 2657 1133 2719 est:

186 2743 359 2808 nonenim
381 2743 448 2808 fere
467 2743 503 2807 in
520 2743 611 2807 libris
630 2742 867 2808 dialecticorum
885 2744 1135 2827 physicorumve,

187 2834 244 2896 aut
265 2831 301 2895 in
322 2831 376 2916 iis,
404 2831 519 2915 quibus
541 2831 718 2895 medicinae
740 2831 857 2896 imisve
880 2832 981 2896 civilis
1005 2832 1135 2898 scientis

187 2920 384 3004 continetur,
407 2920 581 3005 quidquam
603 2919 757 3004 reperias,
779 2920 869 2984 cuius
891 2919 1136 3005 intelligentiam

186 3031 254 3075 non
277 3031 315 3075 ex
338 3009 401 3074 illis
424 3009 517 3094 ipsis,
536 3008 578 3075 ,de
597 3008 713 3092 quibus
736 3007 883 3092 inscripti
904 3011 993 3092 sunt,
1015 3009 1136 3072 artibus

186 3102 330 3180 repetere
350 3099 468 3182 possis:
492 3101 527 3162 at
545 3097 640 3164 nobis
660 3098 684 3163 ii
703 3096 844 3181 quotidie
864 3099 939 3160 sunt
960 3095 1138 3181 explicandi

186 3184 275 3268 libri,
298 3186 353 3268 qui
373 3207 447 3250 oum
467 3187 579 3270 scripti
602 3188 668 3252 sint
686 3186 800 3250 avinis
823 3185 911 3250 omni
934 3186 1070 3250 scientia
1089 3207 1137 3248 ex·

188 3273 295 3356 cultis,
326 3272 390 3356 ipsi
422 3295 548 3357 quoque
580 3273 829 3338 innumerabiles
860 3273 948 3338 locos
981 3294 1019 3338 ex
1052 3272 1140 3338 omni

188 3359 428 3444 disciplinarum
460 3381 577 3446 genere
607 3361 813 3446 depromptos
844 3360 975 3426 habent.
1024 3359 1139 3444 Itaque

187 3447 298 3533 ceteri,
330 3447 427 3512 etiam
455 3449 482 3512 si
510 3468 581 3512 eam
609 3471 708 3514 unam
738 3453 840 3514 artem
870 3453 1015 3534 teneant,
1043 3470 1141 3532 quam
