2368 3956
591 212 676 268 VAR.
696 211 798 268 LEOT.

569 461 712 529 CAPUT
734 461 810 528 LIV

216 587 290 644 CUR
308 584 427 642 MAIOR
448 584 489 640 IN
510 583 725 640 NONNULLIS
744 581 989 654 CIVITATIBUS,
1012 583 1101 651 Qum
1114 586 1142 639 lll

112 699 114 704 ·
215 675 321 745 ALIIS,
340 673 521 730 EXISTERE
535 671 702 728 FORTIUM
715 671 886 728 VIRORUM
900 672 1008 728 COPIA
1021 671 1142 742 SOEAEtI,

409 763 460 817 EX
477 759 710 817 HIPPOGRATE
727 760 974 816 EXPLIGA'I'UM.

284 890 377 968 Quod
398 890 479 954 lauti
502 911 539 954 ac
562 888 744 972 sumptuosi
770 889 918 954 homines
945 889 1143 954 1111111111-

215 981 265 1045 bis
281 981 400 1062 solent,
422 979 531 1062 111111,
554 999 635 1062 qnae
649 977 685 1041 in
698 977 780 1042 mari
801 979 988 1062 nascuntur,
1010 978 1101 1062 magis
1119 980 1144 1041 in

215 1029 455 1134 mediterraneis
491 1089 589 1151 quam
619 1066 656 1130 in
686 1065 855 1130 maritimis
887 1067 968 1132 locis
995 1067 1145 1151 gaudeant:

215 1161 390 1240 contraque
418 1177 490 1220 curn
512 1156 548 1220 in
569 1154 653 1219 mari
675 1155 901 1238 versantur,'
878 1176 919 1218 us
942 1157 1168 1220 rescantnrli

215 1245 358 1346 bentins,
381 1265 463 1328 quae
485 1243 550 1308 nisi
572 1245 609 1308 in
631 1244 811 1309 continent
823 1265 959 1327 reperm
970 1266 1038 1309 non
1057 1245 1146 1328 solent,

217 1334 289 1398 ut'
280 1355 352 1417 ipsa
379 1333 592 1417 peregrinitas
619 1354 679 1416 pro
707 1332 912 1398 condimento
940 1336 1063 1398 111111
1049 1296 1146 1397 tcibii

213 1423 421 1507 praeeipuam
448 1421 611 1507 quandam
642 1421 781 1506 gratiam
812 1421 982 1486 conciliare
1009 1421 1146 1486 videatur:

214 1511 300 1576 idem
323 1532 383 1596 ego
406 1512 441 1574 in
464 1510 578 1574 studiis
601 1509 764 1574 interdum
786 1509 883 1574 facio:
908 1510 991 1574 etsi
1015 1511 1088 1595 quid
1106 1514 1169 1573 111

216 1599 300 1683 apud
328 1599 570 1684 grammaticos,
599 1597 686 1682 quod
719 1597 759 1662 ad
785 1598 836 1662 ius
865 1597 970 1682 civile,
1003 1602 1058 1663 aut
1082 1599 1147 1682 apud

214 1688 379 1772 physicos,
398 1687 483 1773 qnod
497 1687 538 1751 ad
551 1687 718 1771 politicen,
741 1690 797 1750 aut
811 1686 947 1772 denique
961 1687 1046 1771 apud
1061 1711 1147 1773 quen·

215 1798 290 1862 quc,
314 1775 399 1861 quod
422 1776 462 1839 ad
486 1777 583 1839 aliam
607 1780 710 1840 artem
732 1798 829 1860 quam
851 1796 938 1860 eam,
964 1799 1046 1862 qnae
1067 1778 1103 1841 ab
1121 1797 1170 1864 eo,

213 1865 384 1949 praecipue
410 1868 580 1947 tractatur,
607 1864 780 1948 pertineat,
809 1865 948 1950 reperis,
978 1888 1016 1931 ec
1039 1865 1170 1930 mirifice

214 1954 323 2038 capior
349 1955 515 2039 multoque
543 1953 647 2037 magis
671 1953 806 2036 afficior,
833 1975 931 2037 quam
954 1954 982 2019 si
1005 1955 1038 2019 id
1064 1955 1147 2037 ipsun

212 2043 403 2126 reperissem
426 2041 511 2125 apud
534 2042 633 2105 alium
656 2042 857 2127 scriptorem,
880 2043 970 2107 cuius
994 2046 1148 2108 11111111·

213 2131 260 2196 tio
282 2131 415 2216 propria
428 2133 522 2195 esset.
557 2129 604 2194 Ut
626 2152 738 2214 nuper,
760 2153 833 2195 cum
847 2131 1068 2215 quaestionem
1087 2131 1148 2214 poli-
1170 2213 1171 2218 ἵ

213 2220 324 2303 ticam,
347 2222 380 2283 et
393 2219 504 2303 magni
518 2218 647 2304 quidem
660 2219 829 2302 momenti,
843 2220 1038 2303 deprehendi
1051 2242 1069 2284 a
1080 2219 1148 2303 prin-

214 2308 283 2391 cipe
306 2308 501 2372 medicorum
523 2306 722 2391 Hippocrate
748 2307 914 2374 verissime
941 2331 979 2373 ae
1003 2308 1148 2393 sapientis-

214 2397 294 2460 sime
309 2396 509 2479 explicatam.
542 2394 623 2460 cum
638 2396 724 2460 enim
738 2400 864 2461 constet
876 2397 1032 2462 maiorem
1045 2397 1149 2481 copiam

213 2485 354 2548 virorum
380 2484 513 2548 fortium
541 2485 675 2549 existere
699 2485 800 2550 solere
823 2486 858 2549 in
886 2485 1069 2552 civitatibus
1088 2485 1149 2548 libe·

212 2572 272 2656 ris,
305 2593 402 2656 quam
428 2573 463 2636 in
490 2572 544 2656 iis,
577 2595 658 2658 quae
685 2574 780 2638 unius
808 2573 976 2639 dominatu
1004 2577 1150 2640 tenentur:

212 2661 280 2725 ut
270 2682 306 2725 m
328 2660 472 2726 historiis
486 2665 540 2726 111
525 2662 649 2726 teribus
663 2662 765 2726 multo
787 2663 895 2746 plures
918 2663 1109 2748 legimust
1068 2662 1109 2728 At
1109 2663 1149 2724 he·

212 2751 354 2834 aienses,
378 2749 663 2833 Lacedaemonios,
690 2749 868 2835 Romanos,
890 2773 989 2836 quam
1011 2751 1151 2834 Assyrios

211 2838 341 2922 Persas,
364 2835 486 2940 11111101,
507 2839 707 2904 fortitudinis
730 2839 824 2903 laude
838 2841 1037 2906 excelluisse:
1060 2837 1150 2938 quaeri

212 2949 280 2992 non
301 2927 420 2992 iniuria
442 2931 564 3013 potest,
586 2949 667 3012 quae
681 2927 715 2992 id
737 2949 851 2992 caussa
864 2927 993 2993 efficiat.
1037 2927 1113 2993 Ait·
1078 2933 1150 3010 t-1g1

213 3020 266 3080 tur
292 3015 507 3119 Hippocrates
539 3015 573 3081 id
604 3037 644 3080 ex
675 3036 712 3080 eo
740 3017 879 3101 evenire,
911 3017 998 3101 quod
1024 3016 1152 3082 homines

212 3125 271 3186 pro
296 3108 361 3170 suis
385 3127 482 3190 quam
504 3127 563 3190 pro
578 3087 690 3170 alienis
707 3105 896 3188 commodis,
918 3127 978 3190 pro
993 3127 1052 3172 sua
1072 3123 1151 3202 quan

212 3213 272 3275 pro
305 3194 409 3256 aliena
440 3196 544 3296 gloria
574 3195 671 3279 longe
704 3193 840 3258 alacrius
871 3196 968 3278 atque
995 3191 1152 3260 animosius

212 3284 369 3364 pugnant
414 3280 521 3347 111111
544 3285 652 3347 autem
675 3281 873 3365 civitatibus,
900 3304 982 3385 quae
1005 3283 1068 3348 suis
1089 3278 1152 3362 legi-

212 3369 273 3434 bus
296 3369 421 3452 vivunt,
445 3370 473 3434 si
496 3371 572 3454 quid
594 3370 679 3435 bello
701 3374 832 3455 partum
855 3369 905 3453 sit,
929 3373 997 3436 eius
1018 3366 1153 3450 intelligit

213 3458 347 3543 quisque
371 3457 488 3523 civium
512 3458 632 3542 aliquid
655 3458 695 3523 ad
719 3481 752 3524 se
774 3481 834 3543 pro
854 3459 939 3524 virili
961 3463 1050 3544 parte
1070 3453 1153 3541 perti·

211 3565 297 3608 nere,
342 3544 389 3610 At
415 3545 471 3611 ubi
502 3567 626 3610 summa
648 3568 754 3612 rerum
783 3547 928 3612 omnium
949 3569 1047 3632 penes
1067 3561 1152 3610 unum
