2330 3944
187 233 254 298 120
574 229 710 286 carrio
730 229 791 284 xu.
1139 216 1140 304 l

188 377 350 461 tripertita
371 377 421 440 ris
444 379 501 440 est.
537 373 613 439 Alia
635 374 722 438 enim
750 374 819 438 eius
845 376 1013 457 praecepta
1038 371 1122 458 docet,

188 466 350 549 quomodo
378 465 449 549 quis
471 464 573 528 uitam
600 485 692 528 suam
718 462 871 548 privatim
899 462 1058 526 instituere
1082 461 1121 525 de·

187 553 278 639 beat,
305 554 369 617 alia
395 554 436 617 ad
463 553 622 617 rationem
654 549 928 616 administrandae
954 551 1001 614 rei
1026 549 1121 613 famili-

188 643 253 706 aris
276 643 430 726 pertinet,
454 642 517 706 alia
540 641 581 704 ad
603 639 761 726 regendas
784 661 822 704 ac
849 639 1068 723 temperandas
1091 639 1122 701 ci-

188 731 315 796 vitates.
359 727 449 794 Haeo
481 731 589 794 autem
622 729 663 793 ad
690 750 792 792 unum
819 727 1017 812 eundemque
1045 727 1123 790 finem

189 820 299 886 omnia
322 819 517 904 diriguntur,
539 817 573 882 id
596 821 658 903 est,
680 816 721 881 ad
743 817 941 882 felicitatem.
969 815 1029 882 Sed
1046 816 1123 879 iuter-

108 951 111 958 ι
189 908 266 974 dum
294 909 401 994 agitur
428 907 466 972 de
493 906 648 970 felicitate
675 905 771 970 unius
799 905 954 989 hominis,
986 903 1125 969 interdum

189 996 349 1082 quomodo
372 997 405 1059 id
427 997 534 1080 ipsum
555 995 678 1060 bonurn
700 994 762 1060 toti
774 993 917 1058 familiae
936 996 1142 1078 comparetur,³

190 1085 351 1149 interdum
380 1084 540 1168 quomodo
568 1083 700 1148 civitati.
742 1080 876 1167 Semper
903 1085 1013 1146 autem
1037 1085 1126 1166 partes

190 1173 372 1238 referuntur
395 1173 435 1236 ad
458 1175 577 1257 totum,
599 1193 704 1256 neque
722 1171 819 1235 aliam
838 1171 879 1236 ob
898 1191 1045 1235 caussam
1061 1169 1126 1233 bene

189 1283 258 1326 esse
281 1261 357 1325 huic
380 1264 437 1325 aut
458 1261 506 1324 illi
528 1261 614 1345 parti
637 1260 796 1344 cupimus,
819 1281 917 1343 quam
940 1263 979 1323 ut
1001 1259 1075 1324 bene
1095 1258 1126 1320 sit

190 1351 287 1416 etiam
304 1350 375 1414 toti.
408 1349 527 1414 Totum
550 1350 636 1413 enim
658 1352 749 1434 parte
768 1347 877 1431 aliqua
896 1368 1005 1412 carere
1027 1349 1143 1432 potesta

178 1443 224 1512 ¹at
245 1443 316 1504 toto
345 1438 471 1504 sublato
494 1457 561 1502 una
586 1438 717 1502 interire
744 1439 854 1520 partes
884 1457 998 1501 omnes
1020 1456 1127 1500 necesse

189 1531 247 1591 est.
283 1526 334 1591 Ex
364 1549 428 1610 quo
454 1527 504 1610 fit,
531 1529 569 1590 ut
596 1526 797 1610 singulorum
823 1525 965 1590 felicitas
992 1525 1128 1589 referatur

189 1615 230 1679 ad
253 1614 441 1679 felicitatem
463 1614 564 1678 totius
586 1613 742 1698 familiae,
764 1613 963 1678 familiarum
987 1614 1027 1678 ad
1048 1613 1129 1677 felici-

188 1707 290 1766 tatem
312 1703 413 1766 totius
437 1701 585 1766 civitatis.
622 1701 726 1776 Quam
753 1703 839 1766 enim
861 1702 1024 1767 rationem
1049 1701 1144 1766 habet*

188 1812 273 1854 unus
301 1812 340 1854 ex
366 1789 490 1854 familia
512 1789 553 1854 ad
580 1789 750 1874 familiam,
777 1790 913 1856 eandem
934 1791 1039 1857 habet
1055 1789 1130 1854 fumi

187 1879 233 1942 lia
256 1878 297 1943 ad
320 1879 491 1943 civitatem.
529 1876 657 1954 Quanto
685 1879 785 1964 igitur
811 1880 982 1945 universae
1011 1877 1129 1945 civitatis

188 1967 313 2035 bonum
337 1968 433 2032 unius
457 1971 514 2032 aut
541 1967 619 2032 civis
642 1971 699 2032 aut
720 1967 862 2033 familiae
890 1968 980 2034 bono
1004 1962 1145 2054 superiusl

189 2061 252 2141 est,
273 2061 366 2122 tanto
385 2056 529 2140 politice,
548 2091 590 2104 -
608 2056 656 2120 ita
674 2056 760 2120 enim
779 2077 850 2121 eam
868 2055 993 2123 Graeco
1013 2056 1145 2142 quidem?

190 2145 246 2210 sed
269 2145 354 2228 quod
381 2145 447 2208 iam
474 2143 599 2229 pridem
625 2145 676 2209 ius
703 2147 800 2230 togae
827 2146 1029 2231 impetravit,
1055 2165 1132 2211 vocu-

187 2232 473 2383 bulolhnominant,
496 2267 539 2280 -
562 2234 676 2298 ceteris
703 2233 894 2317 prudentiae
921 2235 1069 2320 partibus
1090 2254 1133 2298 au·

188 2324 259 2384 tece
287 2320 319 2384 't

255 2406 305 2472 Ac
330 2408 431 2474 libros
455 2409 583 2493 quidem
605 2409 797 2476 Ethicorum
818 2410 1007 2478 Aristotelis
1031 2413 1069 2477 ad
1089 2409 1135 2474 Ni-

189 2496 390 2582 comachum,
420 2499 535 2582 quibus
559 2520 610 2583 ea,
638 2521 719 2582 quae
743 2499 783 2564 ad
807 2500 953 2585 singulos
977 2501 1137 2586 pertinent,

189 2585 403 2649 eruditissime
432 2590 464 2650 ct
492 2588 710 2672 copiosissime
743 2587 901 2671 explicata
931 2590 1138 2668 continentur,

189 2673 395 2758 interpretari
418 2675 593 2760 coepihae
615 2675 744 2761 ipsein
767 2676 878 2741 schola
905 2675 1137 2761 quatuordecim

189 2744 308 2826 ablrinc
336 2762 444 2846 annis,
471 2763 623 2847 iuvatque
650 2785 702 2828 me
724 2765 879 2830 memoria
901 2770 1049 2850 repetere
1071 2770 1138 2830 tem-

189 2873 260 2936 pus
286 2851 381 2934 illud,
418 2873 491 2915 cum
526 2853 611 2916 tanti
648 2852 689 2917 ad
725 2875 776 2936 me
814 2875 989 2920 concursus
1027 2855 1139 2934 fierent,

189 2940 302 3023 quanti
325 2939 435 3004 multis
460 2940 553 3004 annis
577 2944 674 3005 antea
696 2942 737 3005 ad
750 2942 922 3008 neminem
944 2943 1026 3009 facti
1046 2944 1142 3022 erant3

188 3049 262 3093 cum
289 3032 382 3100 tenta
410 3027 552 3113 quotidie
580 3030 752 3095 multitudo
788 3031 977 3116 conflueret,
1009 3037 1048 3098 ut
1079 3049 1140 3096 eam

188 3116 279 3180 locus
306 3119 375 3200 ipse
402 3119 456 3182 vix
489 3122 629 3202 caperet:
663 3139 763 3202 eaque
795 3141 864 3186 non
896 3120 1142 3186 adolescentium

188 3204 284 3268 modo
322 3205 466 3269 discendi
502 3206 705 3291 cupidorum,
746 3244 788 3254 —
826 3230 963 3292 quorum
998 3205 1142 3275 nonnulli

187 3291 291 3354 multo
319 3291 398 3356 facti
424 3293 572 3358 meliores
603 3295 776 3381 magistro,
809 3319 890 3381 quae
921 3301 999 3362 tunc
1033 3320 1072 3364 ex
1098 3315 1144 3360 me

188 3378 369 3462 discebant,
396 3379 458 3463 ipsi
485 3379 581 3445 hodie
610 3381 691 3446 alios
720 3384 851 3469 docent,
877 3386 1030 3452 nonnulli
1053 3387 1143 3452 etiam

188 3469 230 3532 ad
257 3488 393 3552 magnas
425 3467 620 3551 reipublicae
652 3475 761 3554 partes
781 3473 930 3559 admoti,
962 3496 1045 3560 quae
1072 3479 1145 3540 tunc

186 3553 377 3642 audiebant,
409 3577 447 3620 ea
473 3577 561 3620 nunc
587 3578 622 3622 re
650 3579 688 3624 ac
719 3559 814 3627 factis
847 3567 1080 3648 exsequuntur,
1107 3595 1145 3608 -
