2328 3956
362 203 541 260 nPISTOLA
558 205 617 260 LX.
927 205 968 269 ’Π

33 343 98 407 Mihi
118 343 250 410 credite:
274 346 302 410 si
315 347 406 413 vobis
428 347 492 414 huc
504 349 614 414 venire
631 349 740 434 libeat,
763 349 883 434 aliquid
904 350 968 415 fiet.

34 431 139 506 Quaeso
168 437 279 498 autem
307 437 512 522 obtestorque
543 459 614 523 vos,
644 441 695 522 ut,
727 437 882 524 quidquid
907 438 969 503 bac

33 520 62 582 de
84 542 115 585 re
140 521 270 587 consilii
297 525 444 609 capietis,
474 526 516 590 ad
542 548 594 591 me
626 527 764 591 scribere
790 547 832 590 nc
859 547 970 612 grave-

32 609 95 672 mini
119 610 276 697 vobisque
303 612 350 677 ite
380 615 477 698 plane
507 615 739 700 persuadeatis,
767 614 923 700 quidquid
950 637 969 678 e

33 719 71 760 ne
90 701 195 763 vestra
218 721 332 766 caussa
355 705 411 766 aut
432 703 560 787 publice
574 707 631 768 aut
652 703 805 788 priuatim
825 704 896 768 fieri
913 725 969 787 po·

32 785 102 869 terit,
122 787 157 850 id
181 809 308 874 semper
322 791 526 874 cupidissime
549 792 709 858 facturum
724 813 801 858 esse.
837 791 970 858 Romae.

32 891 73 939 xv.
91 874 227 942 Kalend.
250 876 418 944 Februarii
440 898 634 946 unuxxvm.

414 1041 574 1050 —0—-n

458 1197 516 1263 LX

204 1321 254 1395 M.
281 1321 525 1398 ANTONIUS
552 1323 777 1400 MURETUS

294 1458 416 1515 PAULO
436 1459 603 1517 SAORATO
623 1461 692 1517 SUO

447 1567 469 1608 ε.
482 1568 507 1608 1³.
521 1568 549 1608 1).

82 1669 227 1736 Tandem
259 1672 301 1737 ad
331 1676 364 1738 te
395 1675 526 1740 remitto
559 1677 712 1760 epistolas
743 1679 831 1740 tues:
867 1694 972 1758 neque

32 1759 100 1822 enim
113 1782 174 1844 per
188 1761 334 1826 assiduas
350 1765 578 1848 occupationes
593 1768 626 1829 et
639 1786 696 1848 per
709 1764 973 1830 molestissimum

31 1849 184 1914 oculorum
207 1849 361 1942 dolorem,
384 1873 447 1935 quo
467 1852 534 1916 dies
558 1853 682 1937 aliquot
702 1852 856 1936 laboravi,
879 1851 973 1915 citius

30 1934 112 2001 licuit.
160 1937 230 2002 Eae
254 1939 281 2002 si
304 1943 554 2026 conquerentur,
581 1963 615 2006 se
639 1964 659 2006 a
680 1963 731 2005 me
754 1941 863 2024 paullo
887 1959 973 2003 seue-

31 2024 82 2088 rius
103 2029 257 2110 acceptas
280 2048 363 2112 esse,
384 2029 545 2094 recordari
568 2029 711 2113 debebis,
740 2029 803 2094 hoc
825 2029 932 2112 ipsum
954 2049 974 2089 a

31 2113 157 2178 temihi
184 2115 375 2180 mandatum
402 2139 486 2201 esse3
514 2121 564 2198 ut,
592 2118 620 2182 si
646 2119 775 2183 mollius
804 2137 841 2181 ac
868 2115 973 2180 lenius

31 2220 72 2264 cas
96 2205 240 2268 tractare
269 2205 455 2290 voluissem,
484 2207 659 2272 verendum
688 2206 767 2270 mihi
793 2205 904 2288 fuerit,
932 2224 974 2267 ne

31 2289 77 2352 tibi
97 2312 169 2356 non
192 2293 271 2357 satis
295 2295 475 2378 obsequens
494 2295 627 2359 viderer.
664 2293 727 2358 Sed
750 2295 788 2358 de
811 2294 862 2357 his
886 2292 974 2356 satis.

31 2373 111 2443 Nunc
139 2403 302 2464 exponam
330 2383 390 2446 tibi
416 2387 523 2447 totum
549 2383 630 2447 illud
657 2383 824 2468 negotium
845 2380 974 2445 Polom'-

32 2486 98 2549 cum,
120 2469 254 2552 qnando
276 2471 413 2554 litterae,
435 2493 515 2554 quas
538 2470 580 2535 ed
601 2474 643 2555 te,
665 2493 700 2536 re
719 2471 823 2534 adhuc
845 2469 975 2552 recenti,

31 2556 225 2640 scripseram,
260 2559 433 2642 perierunt.
492 2557 690 2644 Stephanus,
725 2557 879 2624 Poloniae
910 2579 976 2640 rex,

32 2643 74 2722 qui
94 2649 129 2708 et
152 2645 226 2708 eliis
248 2647 346 2732 regiis
359 2647 533 2712 virtutibus
548 2648 773 2712 ornatissimus
796 2651 846 2710 est
863 2649 897 2709 ct
913 2645 976 2709 hoc

32 2750 115 2814 supra
138 2736 265 2799 ceteros
288 2757 400 2800 omnes
423 2756 529 2822 reges,
556 2737 611 2820 qui
631 2735 744 2799 multis
767 2733 885 2798 abhinc
908 2753 975 2796 sae-

32 2821 97 2884 culis
119 2822 282 2907 vixerunt,
304 2823 456 2888 eximium
478 2824 586 2908 habet,
608 2823 694 2908 quod
717 2826 749 2886 et
772 2825 860 2886 amat
882 2821 975 2884 unice

31 2904 169 2973 homines
191 2911 334 2976 eruditos
362 2914 396 2976 et
421 2913 491 2995 ipse
515 2913 604 2977 omni
631 2911 787 2996 elegantis
811 2909 976 2974 doctrinae

31 3015 137 3075 genere
170 2998 303 3063 mirifice
335 3001 479 3065 excultus
516 3004 579 3084 est,
614 3001 746 3064 miserat
780 2998 816 3062 in
846 2997 976 3061 Italiam

33 3105 120 3148 unum
144 3107 162 3149 e
186 3086 370 3152 domesticis
394 3089 473 3172 suis,
503 3089 558 3173 qui
581 3088 673 3172 quasi
696 3086 855 3152 delectum
878 3107 976 3170 quen-

31 3169 94 3236 dem
115 3174 253 3239 haberet
273 3177 508 3260 praestantium
531 3176 677 3242 doctrine
693 3175 835 3240 virorum
859 3196 977 3259 eosque

32 3261 137 3341 opimis
161 3263 335 3329 admodum
357 3265 532 3349 propositis
560 3263 799 3329 conditionibus
826 3263 862 3328 in
882 3261 976 3328 Polo-

31 3347 109 3413 niem
140 3351 295 3416 invitaret
326 3353 599 3427 adAcademiem
629 3374 761 3436 nouam,
793 3373 890 3435 quam
920 3373 977 3416 rex

32 3431 194 3504 ttacouiae
222 3441 391 3506 instituere
418 3442 563 3525 parabat.
612 3441 652 3506 ln
679 3441 839 3505 mandatis
868 3441 978 3503 autem

31 3525 132 3611 regiis,
163 3528 250 3612 quod
280 3529 320 3594 ad
352 3529 433 3595 alios
465 3529 595 3614 quidem
626 3529 753 3614 attinet,
789 3527 876 3591 iacta
907 3529 977 3590 eret
