2328 3956
361 191 540 250 EPISTOLA
557 195 614 252 LX.
926 196 969 262 '19

48 358 94 420 que
111 340 196 404 uatus
217 338 251 404 in
273 343 365 422 parte
379 337 503 404 Galliae
520 339 659 407 maxime
680 342 830 408 montoso
852 362 890 406 uo
912 341 970 406 fri·

46 425 109 509 gila
149 423 236 504 Quod
264 429 373 496 autem
395 428 538 511 quidam,
568 428 623 512 qui
650 428 811 495 deterrere
836 451 888 496 me
915 451 969 494 cu*

46 515 145 598 parent,
170 515 364 599 clamabant,
391 519 504 600 gentes
537 516 610 582 illas
636 517 722 585 feras
749 539 788 588 ao
813 518 969 586 barbaras

45 622 108 666 esse:
134 603 292 671 interdum
321 603 400 674 mihi
427 605 542 689 risum,
573 605 735 676 interdum
766 607 969 676 stomachum

45 691 196 757 movebunt.
235 691 359 777 Magus
381 693 474 777 mihi,
496 691 641 778 Sacrate
664 716 737 763 cum
759 695 868 763 multis
892 693 969 760 Ger·

44 779 136 863 nanis,
160 801 280 866 magna
305 802 379 852 oum
406 783 573 866 permultis
600 782 733 850 Polouis
754 783 970 867 familiaritas,

44 887 153 952 uagum
174 891 260 952 usus,
282 889 402 955 magne
423 861 626 940 neoesmtutlo
648 871 720 936 fuit.
756 869 889 956 Semper
911 893 969 938 eos

45 959 165 1038 expertus
187 979 259 1024 sum
281 958 385 1026 bonos
408 959 508 1044 viros,
534 962 653 1043 rectos,
681 959 856 1044 simplices,
878 981 970 1044 aper·

42 1047 88 1126 tos,
111 1044 358 1114 humanissimos
392 1051 559 1132 praeterea
591 1051 624 1112 et
654 1069 754 1132 prope
786 1069 898 1114 omnes
930 1069 971 1114 eo

43 1131 105 1204 vitea
125 1135 211 1202 cultu
232 1157 271 1200 ac
285 1135 452 1221 munditia,
475 1157 557 1222 quae
580 1135 621 1200 sd
644 1137 838 1222 elegantium
860 1137 970 1221 potius

42 1243 116 1303 quan
141 1223 180 1287 ad
207 1225 309 1296 ullam
331 1225 513 1292 barbariem
536 1224 708 1292 accederet.
749 1223 866 1311 Nugae
887 1225 970 1290 istae

42 1314 98 1374 sunt
115 1311 294 1398 hominum,
317 1335 385 1398 eos,
414 1314 470 1399 qui
493 1313 617 1378 adulari
639 1317 672 1377 et
693 1313 804 1382 fallere
827 1317 861 1380 et
883 1311 970 1378 aliud

41 1397 119 1483 loqui,
139 1401 228 1468 aliud
252 1403 394 1487 cogitare
416 1403 578 1485 nesciunt,
600 1402 755 1468 barbaros
776 1402 970 1468 vocantium.

40 1483 148 1553 Utinam
174 1512 237 1557 nos
265 1511 302 1555 ao
330 1491 426 1557 modo
454 1490 583 1558 barbari
606 1491 761 1556 essemus!
797 1488 872 1556 Utri
893 1511 970 1556 vero

41 1574 216 1644 turbatiores
240 1581 330 1644 sunt:
352 1579 423 1644 nati
444 1580 480 1644 in
502 1579 609 1645 media
630 1578 735 1664 Italia,
758 1601 893 1665 quorum
916 1579 970 1644 vix

39 1667 224 1732 entesimum
266 1689 424 1752 quemque
464 1667 619 1753 reperias,
662 1667 718 1751 qui
757 1667 873 1734 Latine
915 1671 972 1731 eut

39 1747 133 1822 streete
153 1755 246 1840 loqui
273 1756 355 1822 sciat
381 1759 438 1820 aut
463 1756 588 1822 litteras
611 1756 718 1822 amet?
754 1778 797 1822 an
819 1754 972 1820 Germani

38 1861 63 1902 ao
84 1841 211 1928 Poloni,
239 1865 375 1929 quorum
402 1845 554 1929 permulti
580 1848 614 1909 et
645 1865 755 1910 earnm
786 1845 971 1929 linguarum

39 1931 180 2015 utramque
205 1932 439 2016 perfectissime
461 1935 582 1999 callent
603 1937 637 1998 et
658 1934 704 1998 ita
726 1933 850 1998 litteras
874 1953 911 1998 ac
933 1933 970 1996 li-

37 2015 136 2084 berales
160 2021 349 2104 disciplinas
372 2025 496 2106 amant,
523 2026 561 2086 ut
586 2022 622 2086 iu
648 2022 694 2088 eis
722 2025 850 2105 tempus
876 2041 970 2086 omne

13 2109 231 2174 consumant?
267 2108 352 2180 Olim
383 2109 431 2176 illi
462 2110 610 2176 fortassis
641 2110 747 2194 asperi
778 2130 816 2174 ac
842 2109 971 2174 barbari

35 2191 158 2282 fuerunt3
181 2199 247 2264 hoe
262 2198 391 2282 quictem
414 2200 531 2283 seculo,
554 2219 674 2280 vereor,
696 2220 738 2264 ne
761 2198 802 2262 ad
824 2219 885 2262 nos
898 2197 970 2262 bar-

37 2280 129 2370 baries,
151 2287 194 2355 ad
219 2287 294 2352 illos
312 2287 416 2355 cultus
439 2291 472 2352 et
494 2287 646 2371 splendor
667 2287 752 2352 vitae
780 2289 813 2352 et
835 2285 971 2350 eruditio

34 2375 109 2456 abus
138 2375 342 2458 humanitas,
377 2376 510 2440 mutatis
542 2375 685 2460 sedibus,
721 2374 972 2459 commigrannt.

35 2457 139 2547 ltaque,
166 2468 207 2530 ut
229 2485 339 2535 verum
361 2464 423 2528 tibi
444 2465 560 2549 fatear,
586 2463 799 2530 libentissime
826 2483 864 2527 eo
887 2483 972 2527 com-

34 2569 186 2636 meassem,
211 2553 240 2620 si
261 2553 344 2624 nihil
366 2553 553 2620 obstitisset
599 2551 757 2638 Quicquid
779 2551 865 2616 enim
888 2573 972 2616 com-

35 2639 102 2704 modi
122 2643 189 2712 mei
213 2662 327 2706 caussa
348 2641 390 2709 eb
414 2642 459 2706 eis
477 2643 637 2726 petebam,
658 2641 692 2706 id
715 2662 826 2706 omnes
848 2640 972 2722 prolixe

33 2744 59 2876 ξι
77 2729 204 2882 ooplilese
228 2729 418 2884 offetrigbaut:
445 2733 491 2884 ut
511 2731 577 2794 iam
604 2728 973 2894 ⁰⁰Mta3t³dinttettt

45 2836 85 2878 ue
105 2839 127 2882 u
152 2840 173 2883 o
197 2840 282 2883 neo
353 2839 476 2884 conven
491 2841 584 2886 urum
603 2839 681 2884 esse.
746 2839 779 2882 ιιι

33 2898 126 2970 Fidem
149 2907 199 2971 eis
222 2839 380 2990 aiteram,
401 2910 571 2979 venturum
587 2928 656 2971 esse
678 2927 739 2990 me,
762 2905 790 2970 si
811 2839 869 2988 pler
888 2925 972 2967 sum·

32 3011 103 3058 num
133 2994 341 3079 Pontificem,
377 2996 428 3060 oui
464 2996 580 3079 servio,
617 2999 650 3059 et
680 3015 738 3078 per
769 2991 973 3058 Cerdinalem

33 3075 198 3168 Estensem,
221 3085 311 3150 ouius
332 3084 367 3148 in
388 3085 537 3152 clientela
550 3105 587 3148 ao
609 3082 733 3148 familia
747 3103 827 3166 sum,
849 3081 972 3146 liceret:

32 3169 136 3256 alioqui
169 3173 256 3239 enim
287 3194 355 3238 non
381 3194 479 3256 pesse
506 3181 558 3238 me
584 3172 649 3236 nisi
676 3192 786 3236 eorum
813 3169 973 3254 permissu

33 3255 60 3318 de
91 3282 143 3326 me
180 3262 252 3345 ipso
289 3261 463 3346 quidquam
503 3262 568 3326 tale
603 3259 755 3345 polliceri.
813 3258 972 3324 Putabam

31 3351 133 3432 autem,
155 3353 308 3414 neutrum
330 3371 441 3414 eorum
463 3349 524 3414 hoo
550 3349 662 3433 iniquo
687 3348 794 3414 animo
817 3348 971 3411 laturum:

32 3453 91 3499 cum
104 3435 285 3504 Oardinalis
308 3439 436 3523 quidem
450 3438 551 3522 gratis
572 3459 624 3502 me
648 3439 722 3520 alut,
737 3434 871 3522 (nullam
885 3433 972 3496 enim

30 3522 151 3590 adrem
176 3547 246 3592 mea
269 3548 367 3612 opera
389 3527 513 3612 utitur‚)
536 3548 679 3592 summus
703 3529 809 3589 autem
823 3519 972 3586 Pontifex
