2326 3942
186 170 229 234 2ss
534 165 715 221 EPISTOLA
732 167 793 223 XX.

186 315 321 380 inritus:
344 316 381 377 ut
403 313 444 376 ad
467 311 634 396 credenda,
657 332 739 394 quae
762 311 901 376 iucunda
924 314 1005 395 sunt,
1025 311 1115 374 foedes

186 407 304 468 natura
332 423 443 467 omnes
471 421 591 465 sumus.
634 399 750 484 Itaque
777 399 892 466 iisdem
918 421 957 464 ex
979 421 1014 465 eo
1041 421 1116 484 saepe

189 495 222 556 et
254 493 440 556 constanter
476 489 643 554 audiendis
680 489 726 554 sic
756 488 823 554 iam
857 488 1059 572 incalueram,
1084 495 1117 570 ut,

189 579 458 664 quemadmodum
484 578 520 642 in
542 577 757 642 aridissimam
784 577 1049 662 siccissimamque
1068 600 1117 640 ma-

189 669 302 732 teriam
333 668 424 733 nulla
454 669 563 751 potest
593 665 733 730 incidere
765 669 834 732 tam
865 688 967 750 parva
995 667 1118 736 scintilla,

189 779 269 842 quae
296 778 364 821 non
392 755 567 820 maximum
595 755 702 820 subito
731 755 917 820 incendium
946 755 1118 838 excitetis

188 847 278 910 nulla
304 848 415 930 posset
437 866 457 909 a
483 846 516 908 te
543 842 613 908 dari
639 847 709 908 tam
735 843 853 927 pusilla
878 847 1010 928 tamque
1035 845 1119 908 tenuis

189 934 382 1019 significatio
406 955 526 1016 eorum,
548 951 630 1016 quae
653 931 850 998 deGisberto
874 933 1045 1016 audieram,
1058 955 1119 1016 quae

188 1045 256 1088 non
279 1023 320 1086 ad
347 1045 398 1086 me
425 1025 531 1088 totum
557 1021 692 1086 mirifico
716 1021 855 1104 quodam
881 1023 931 1086 tui
960 1043 1062 1088 amore
1085 1023 1120 1084 in-

188 1111 418 1176 flammandum
440 1111 519 1175 satis
532 1110 684 1176 habitura
697 1110 814 1176 virium
828 1111 1000 1175 videretur.
1028 1109 1119 1175 Adhuc

189 1199 269 1264 haec
292 1204 398 1282 erant,
428 1221 501 1264 cum
525 1199 702 1264 afferuntur
725 1203 798 1263 ate
821 1200 862 1263 ad
885 1197 1066 1264 Gisbertum
1084 1200 1120 1260 lit-

190 1292 286 1374 terae,
308 1311 377 1354 non
399 1289 504 1352 solum
527 1287 665 1371 scriptae
689 1289 853 1373 eleganter
866 1309 904 1352 ac
926 1288 1121 1373 polite,·quod

189 1378 251 1442 tibi
272 1379 438 1462 proprium
462 1399 499 1442 ae
512 1380 704 1461 perpetuum
727 1380 784 1456 est,
797 1399 910 1442 verum
932 1378 1032 1442 etiam
1051 1378 1120 1440 illm

190 1489 333 1532 amorem
354 1467 390 1532 in
411 1489 476 1551 me,
506 1465 545 1530 de
568 1488 631 1550 quo
655 1469 723 1530 tam
750 1466 853 1532 multa
879 1469 949 1530 tam
974 1488 1064 1550 saepe
1083 1487 1122 1528 au·

190 1556 325 1640 dieram,
357 1557 447 1620 omni
473 1577 512 1619 ex
542 1558 634 1639 parte
667 1555 834 1638 spirantes.
880 1554 966 1630 Quid
996 1554 1122 1640 quaeris?

191 1645 238 1708 ita
261 1645 377 1726 exarsi,
404 1647 442 1707 ut
463 1643 546 1708 nihil
572 1644 641 1708 fieri
662 1648 773 1728 posset
796 1643 972 1709 ardentius.
1018 1642 1122 1710 Succes-

191 1736 303 1796 serunt
328 1731 440 1816 primis
467 1731 531 1796 illis
559 1733 692 1816 alterae,
718 1732 846 1818 tertiae,
873 1733 956 1796 aiiae
988 1733 1122 1814 deinceps,

190 1822 301 1886 eadem
330 1843 441 1886 omnes
473 1820 631 1886 suavitate
662 1821 824 1906 perfusae,
853 1821 971 1886 iisdem
1002 1823 1122 1906 insignes

190 1911 309 1975 amoris
331 1910 428 1975 notis.
462 1907 581 1974 Nonne
604 1909 705 1994 igitur
731 1910 927 1976 inhumanus
951 1911 1015 1975 sim
1036 1911 1122 1996 plane·

190 2022 251 2083 que
273 1999 407 2082 ferreuS,
429 1998 493 2062 nisi
514 2001 583 2061 tam
606 2001 753 2062 amanter
775 2021 795 2062 a
816 2003 848 2062 te
871 2000 958 2064 ultro
984 1999 1123 2084 appetitus

191 2109 229 2152 ac
251 2091 445 2171 provocatus
467 2087 528 2151 tibi
550 2087 585 2150 in
608 2109 717 2152 amore
731 2087 966 2170 respondeam?
995 2087 1055 2153 Sed
1075 2107 1122 2151 non

190 2177 403 2259 committam,
434 2178 472 2239 ut
499 2195 537 2240 eo
568 2175 700 2240 nomine
728 2176 871 2240 accusari
897 2179 1035 2261 possim:
1063 2197 1124 2240 sem-

189 2285 308 2348 perque
337 2264 405 2327 sine
434 2263 501 2328 ulla
523 2265 765 2347 retractatione,
793 2265 821 2328 si
848 2265 925 2348 quid
947 2264 1124 2348 occidetis

190 2374 254 2436 quo
277 2351 417 2416 amicitia
439 2373 512 2416 mea
534 2353 595 2418 tibi
618 2356 674 2416 aut
695 2353 768 2418 usui
782 2355 839 2418 aut
861 2358 1052 2419 ornamento
1073 2372 1125 2416 esse

189 2441 307 2526 possit,
329 2461 370 2504 ne
394 2463 456 2524 qua
478 2441 514 2508 in
540 2444 632 2525 parte
659 2441 726 2506 veri
749 2441 844 2506 amici
871 2441 977 2508 officio
1007 2442 1125 2508 defuisse

189 2529 299 2594 videar
334 2529 567 2595 studiosissime
599 2552 730 2614 operam
757 2531 850 2596 dabo.
895 2528 990 2607 Quod
1022 2532 1061 2596 ad
1088 2529 1125 2592 lit·

189 2621 276 2684 teras
307 2621 381 2684 tuas
412 2619 536 2684 tardius
562 2619 711 2684 fortassis
742 2622 800 2684 tua
831 2621 1067 2704 exspectatione
1090 2637 1122 2680 re·

190 2707 389 2793 sponderim,
416 2708 510 2790 scito,
538 2729 592 2772 eas
619 2707 701 2774 mihi
727 2708 844 2773 nudius
871 2709 986 2774 tertius
1013 2707 1125 2773 tandem

189 2798 330 2862 redditas
363 2818 441 2861 esse.
493 2795 584 2862 Vale.
616 2795 753 2860 Postrid.
785 2795 869 2862 Non.
901 2796 1067 2862 Decembr.
1098 2815 1125 2857 ex

115 2895 123 2910 ·
189 2883 287 2952 Urbe.
309 2903 452 2977 nnuma.

587 3025 746 3038 ———-——-.

636 3167 705 3234 XX.

486 3291 601 3344 arnan
620 3288 852 3356 effloruere.

263 3413 346 3478 Volo
378 3416 498 3497 tecum,
525 3414 655 3499 Horati,
683 3417 711 3480 si
737 3417 834 3484 modo
862 3417 903 3482 ab
931 3438 969 3482 eo
994 3416 1127 3482 voluntas

193 3505 250 3566 tua
272 3523 339 3568 non
363 3501 526 3585 abhorret,
555 3505 647 3587 quasi
676 3510 890 3570 mercaturam
914 3505 1070 3590 quandam
1090 3502 1127 3563 in-
