2326 3942
536 203 744 260 PRAEFATIO
765 205 813 260 Ill.

644 510 702 576 ΙΙΙ.

413 665 457 734 M.
480 666 705 735 ANTONIUS
729 665 940 736 muamus
1069 755 1070 759 Ἴ

469 827 669 880 asculano
689 825 880 880 nocnuico
963 849 992 888 -.

321 968 452 1011 Auroram
465 967 693 1012 Procumoms
707 970 733 1010 F.
748 968 892 1012 Parmam
903 967 1029 1012 VERETO

605 1092 748 1158 aaa&

265 1251 357 1329 Quod
370 1276 421 1318 me
438 1275 533 1338 saepe
555 1255 590 1318 in
605 1253 793 1339 quotidiano
808 1275 973 1338 sermone,
995 1252 1129 1318 Leonarde

196 1341 374 1428 Mocenice,
397 1344 617 1427 deplorantem
633 1343 741 1406 audire
764 1344 912 1428 potuisti,
936 1364 1053 1428 magna
1068 1343 1129 1405 inest

197 1433 232 1496 in
246 1435 389 1496 veterum
404 1432 531 1516 scriptis
546 1436 578 1496 et
601 1432 786 1515 depravatio
810 1436 843 1496 et
865 1432 1044 1497 difficultas.
1070 1429 1129 1504 Qus-

197 1543 269 1584 rum
292 1523 463 1606 utramque
492 1521 548 1605 qui
570 1543 628 1604 pro
652 1543 710 1584 sua
732 1520 817 1584 virili
840 1524 932 1604 pa1te
961 1521 1067 1586 tollere
1083 1540 1128 1580 mo-

133 1617 135 1620 '
197 1609 320 1672 liuntur
343 1631 535 1694 operamque
559 1610 600 1674 ad
621 1631 692 1672 eam
706 1631 775 1672 rem
799 1609 953 1674 studiosis
976 1607 1129 1674 hominibus

198 1696 388 1781 profitentur
411 1719 515 1780 suam,
542 1699 566 1762 ii
593 1698 673 1760 mihi
696 1701 729 1761 et
755 1698 881 1762 labores
905 1721 983 1763 suos
1007 1697 1130 1762 collocare

198 1785 391 1850 fructuosius
415 1789 447 1850 et
470 1787 510 1851 ad
533 1786 757 1851 exstruendam
781 1786 844 1852 sibi
865 1788 1009 1852 nominis
1030 1787 1130 1850 immor·

197 1873 358 1940 talitatem
389 1875 531 1940 firmiora
562 1878 595 1940 et
627 1875 778 1940 solidiora
814 1875 1026 1941 fundamenta
1055 1875 1131 1938 iacere

198 1964 359 2049 ridentur,
388 1987 484 2050 quam
508 1965 563 2050 qui
589 1965 675 2029 hunc
698 1964 890 2028 emendandi
913 1987 951 2030 ac
980 1959 1131 2029 declarandi

198 2053 355 2138 laborem,
377 2057 544 2139 tamquam
568 2057 599 2118 et
621 2053 798 2136 pleniorem
821 2054 1041 2118 molestiarum
1057 2055 1084 2114 et
1095 2049 1130 2112 at·

199 2141 363 2206 iectiorem
392 2143 627 2226 quodammodo
651 2145 747 2226 atque
774 2141 981 2206 humiliorem
1003 2139 1130 2223 refugien-

199 2234 262 2313 teS,
291 2230 466 2295 scribendis
494 2230 611 2296 Latina
634 2229 794 2294 Graecave
821 2230 933 2316 lingua
962 2227 1131 2296 orationihus

201 2321 257 2382 aut
279 2318 451 2402 podmatis,
474 2319 678 2404 eiusdemque
702 2319 828 2404 generis
852 2319 924 2384 aliis
948 2341 1009 2384 sua
1029 2315 1132 2382 nomina

201 2407 383 2490 posteritati
406 2409 629 2473 commendare
652 2409 786 2472 malunt.
818 2407 965 2474 Primum
984 2407 1132 2472 enimcum

202 2499 376 2560 eveterum
389 2499 622 2582 monumentis,
645 2501 801 2582 tanquam
824 2517 863 2570 ex
886 2497 1018 2582 optimis
1040 2498 1069 2558 ct
1083 2492 1132 2575 pin·

202 2583 318 2669 guibus
354 2585 495 2670 pascuis,
537 2608 620 2672 quae
655 2585 696 2650 ad
733 2585 924 2650 saturandos
960 2581 1133 2650 humanata

202 2673 327 2738 animos
355 2674 530 2760 pertinent,
558 2674 667 2739 omnia
695 2675 902 2759 colligantur:
934 2675 1081 2760 profecto
1096 2665 1133 2751 qui

202 2767 235 2827 et
253 2763 387 2827 evellere
408 2765 521 2828 noxias
544 2764 674 2848 herbas,
703 2783 784 2848 quae
806 2763 841 2826 in
861 2763 906 2828 eis
926 2765 1078 2828 cultorum
1096 2775 1133 2819 nt·

203 2851 359 2938 gligentia
380 2853 592 2936 pullularunt,
615 2856 648 2916 et
670 2852 796 2936 excisis,
825 2853 853 2916 si
876 2873 957 2937 quae
980 2853 1040 2915 iter
1058 2848 1134 2927 impe·

203 2942 308 3028 diunt,
345 2941 489 3006 sentibus
526 2941 648 3006 aditum
680 2941 721 3006 ad
752 2961 790 3004 ea
825 2940 1001 3005 faciliorem
1037 2936 1134 3001 efficere

202 3031 363 3114 nituntur,
385 3033 498 3116 negari
511 3053 578 3095 non
600 3033 720 3114 potest,
744 3029 822 3115 quin
845 3030 1006 3113 praeclare
1029 3021 1135 3114 omnint

204 3117 242 3181 de
269 3119 411 3184 humano
439 3141 554 3206 genere
578 3123 770 3184 mereantur.
816 3117 850 3183 Si
878 3119 1005 3203 quidem
1028 3117 1134 3211 ut,'q111

204 3210 260 3269 aut
291 3229 405 3290 parum
436 3209 525 3294 puris
558 3212 614 3272 aut
646 3209 686 3272 ad
719 3207 949 3272 conficiendum
981 3199 1135 3270 difficilibus

204 3297 340 3384 utuntur
353 3296 444 3379 cibis,
467 3297 687 3382 integritatem
701 3297 892 3362 valetudinis
915 3295 1133 3368 amissumque

204 3557 247 3610 ω·
258 3490 284 3556 *)
303 3487 459 3570 l’raemissa
478 3491 521 3543 est
540 3488 661 3557 epistola
679 3489 879 3544 commentario
905 3489 935 3543 in
954 3480 1081 3544 ciceronis
1096 3473 1132 3529 Ul·

240 3574 351 3612 manas.
