2326 3942
364 171 573 280 Pacuuiano
592 222 653 280 VII.
925 223 989 289 221

475 487 550 558 Vll.

249 629 296 701 M
317 629 542 700 ANTONIUS
565 628 775 702 MURETUS

460 791 482 832 Β.
498 792 522 828 Ρ.
539 791 565 828 D.

314 899 479 954 insinuo
496 898 708 968 recursor)

101 1040 181 1108 Oum
219 1061 259 1108 ex
289 1041 386 1108 Italia
418 1045 532 1108 octavo
560 1043 639 1126 ,post
670 1063 756 1107 anno
787 1043 823 1108 in
854 1041 993 1108 Galliam

47 1131 113 1194 mihi
143 1153 216 1196 esse
248 1131 446 1198 redeundum
481 1129 636 1214 riderem,
671 1131 809 1196 iudicavi
844 1131 926 1216 fore,
957 1137 994 1198 ut

47 1219 112 1284 nihi
133 1221 215 1286 vitio
238 1224 428 1306 verteretur,
451 1221 480 1286 si
502 1242 542 1285 ex
563 1221 694 1306 regione
717 1221 940 1304 copiosissima
962 1225 995 1286 et

47 1307 126 1373 bonis
152 1309 308 1374 omuibus
336 1309 626 1393 abundantissima,
658 1309 693 1373 in
725 1332 788 1394 qua
814 1313 865 1374 tot
891 1329 994 1374 annos

48 1401 176 1464 versatus
206 1421 325 1483 essem,
351 1399 488 1464 redirem
517 1399 558 1463 ad
584 1419 673 1462 meos
700 1398 807 1463 inanis
830 1399 939 1484 aliqua
960 1420 994 1464 re

49 1487 191 1570 exquisita
219 1491 255 1552 et
276 1487 421 1573 visenda,
449 1509 512 1573 qua
534 1508 663 1571 possem
692 1483 995 1571 ἀντιφιλοφρονεϊν

49 1595 102 1658 eos,
133 1577 189 1661 qui
219 1579 291 1640 tam
318 1578 416 1664 longo
435 1577 613 1642 ¹intervallo
642 1575 766 1640 salvum
792 1576 932 1659 venisse,
958 1578 996 1640 ut

48 1663 85 1746 fit,
110 1666 360 1748 gratularentur.
406 1665 609 1750 Quamquam
637 1664 737 1749 igitur
762 1667 832 1729 toto
855 1665 995 1750 peregri-

47 1752 188 1840 nationis·
206 1775 300 1818 meae
331 1755 475 1838 tempore
508 1753 741 1819 studiosissime
771 1753 923 1838 feceram,
959 1756 997 1818 ut

48 1845 154 1907 veteres
178 1843 385 1928 biliothecas,
414 1865 495 1928 quae
518 1843 584 1908 illic
605 1843 763 1926 plurimae
786 1865 823 1908 ac
845 1842 996 1926 pulcerri-

48 1949 105 1994 nae
131 1934 223 2016 sunt,
257 1935 449 2015 excuterem,
480 1932 691 1996 bellissimum
719 1932 880 2017 quodque,
912 1931 997 2017 quod

8 2101 9 2105 Ἰ
49 2039 94 2083 suo
114 2023 264 2105 tempore
288 2021 328 2085 ad
355 2043 449 2086 usum
471 2021 639 2085 hominum
667 2021 899 2104 depromerem,
922 2041 996 2085 con·

8 2135 9 2138 ¹
48 2105 172 2174 lituus:
200 2113 315 2174 tamen
340 2109 463 2174 ultimis
489 2109 554 2174 illis
582 2109 707 2194 diebus,
735 2109 850 2194 quibus
873 2107 997 2174 Romae

48 2197 97 2280 lui,
120 2199 240 2264 maiori
268 2199 367 2263 etiam
394 2199 500 2263 studio
529 2198 570 2263 ad
592 2219 664 2262 eam
685 2219 754 2262 rem
776 2199 921 2282 incubui,
949 2199 997 2262 in·

49 2285 99 2349 sita
124 2291 157 2352 et
184 2289 309 2352 usitata
333 2287 519 2354 homiuibus
547 2287 790 2372 consuetudine,
823 2286 998 2352 ardentiori

50 2374 150 2440 affectu
177 2377 343 2442 tractandi
371 2381 467 2462 atque
496 2377 709 2461 amplectendi
736 2397 787 2460 ea,
819 2376 935 2461 quibus
964 2397 998 2440 se

49 2465 130 2543 paulo
147 2469 228 2550 post
246 2466 402 2532 carituros
420 2465 539 2532 vident.
573 2464 673 2549 Saepe
692 2469 800 2530 autem
815 2465 999 2532 audiveram

50 2555 258 2619 commendari
286 2556 327 2619 ab
353 2555 539 2621 hominibus
567 2554 699 2620 eruditis
721 2556 872 2620 volumen
899 2553 999 2640 quod·

50 2640 111 2706 dam
145 2643 377 2729 perantiquum
407 2643 660 2729 Philippicarum
691 2642 734 2708 M.
766 2643 876 2728 Tullii,
914 2642 1000 2728 quod
1054 2664 1064 2674 ·
1159 2605 1160 2614 i

51 2736 258 2798 asservaretur
276 2733 312 2798 in
334 2733 530 2799 bibliotheca
542 2731 710 2818 Vaticana,
731 2754 799 2798 non
820 2732 856 2798 in
878 2731 999 2796 maiore

51 2821 166 2901 quidem
184 2821 245 2886 illa
263 2825 296 2886 et
314 2823 512 2908 augustiore,
535 2843 616 2907 quae
638 2821 826 2907 pontificum
844 2821 999 2889 beneficio

51 2910 180 2990 quotidie
203 2911 272 2976 fere
296 2912 389 2976 statis
411 2911 499 2976 horis
522 2914 632 2997 patere
651 2912 691 2976 ad
712 2931 914 2977 communem
933 2913 999 2974 stu·

52 2995 202 3064 diosorum
231 2999 376 3066 omnium
402 3001 575 3065 utilitatem
603 3000 780 3083 cousuevit,
807 2999 922 3064 sedin
944 2998 1000 3064 ab·

52 3083 108 3150 dita
133 3088 275 3172 quadam
303 3093 336 3154 et
365 3109 432 3154 non
458 3089 506 3154 ita
536 3089 685 3154 omnibus
716 3087 839 3172 pervia,
871 3109 953 3174 quae
980 3109 1001 3154 a

52 3177 259 3243 sacerdotibus
274 3178 339 3243 divi
352 3177 441 3243 Petri
455 3178 671 3265 superioribus
691 3177 784 3243 annis
799 3177 1000 3264 concinnata,

52 3268 152 3342 postea
184 3267 251 3332 sive
277 3267 476 3353 negligentia
507 3268 674 3332 hominum
707 3267 773 3332 sive
803 3267 915 3333 fraude
947 3288 999 3332 ex·

52 3348 156 3420 hausta
183 3376 284 3440 prope
310 3357 377 3422 iam
399 3359 432 3421 et
454 3357 618 3422 exinanita
645 3359 737 3422 esset.
783 3351 845 3422 Sed
868 3356 999 3423 anxium

54 3513 121 3645 piegp
138 3511 298 3570 Praemisso
323 3515 369 3569 est
390 3513 513 3584 epistola
538 3513 653 3570 scholiis
675 3513 705 3568 iu
729 3512 869 3570 Ciceronis
890 3511 998 3584 Philip·
