2328 3956
202 187 247 252 48
530 185 710 244 EPISTOLA
727 187 839 243 XXXII.

203 353 304 416 prope
335 334 490 416 perpetuo
521 331 695 417 loquimurr
727 335 760 401 et
790 333 860 417 ipsa
895 336 1004 417 postea
1034 333 1124 398 litteris

203 421 271 485 suis
294 420 368 504 tibi,
392 441 474 504 quae
496 440 569 484 mea
592 421 690 485 sitin
712 424 745 484 te
769 422 985 506 observantia,
1009 442 1072 487 vere
1090 444 1125 485 ac-

204 513 376 594 curateque
408 508 585 593 perscribit.
630 507 869 574 Oonstitneram
899 531 1001 594 nuper
1027 510 1127 576 mittere

205 597 246 662 ad
267 600 300 662 te
323 617 427 681 nugas
443 597 597 681 quasdam
619 618 716 682 meas,
739 598 946 664 scholasticas
965 598 1089 682 omnino,
1105 598 1128 660 id

203 689 263 770 est,
285 685 445 750 nonsatis
469 685 593 770 dignas,
615 707 695 771 quae
710 689 775 750 ate
798 687 988 772 legerentur,
1009 687 1128 770 sedquas

204 777 315 838 tamen
336 773 406 857 tibi,
428 777 466 836 ut
480 773 585 838 solent
597 795 678 857 mea,
700 774 875 858 placituras
889 795 960 840 esse
983 776 1129 860 sperabam.

204 863 243 927 Id
265 865 377 946 postea
397 861 490 926 omisi
512 861 626 944 facere,
650 862 734 948 quia,
757 863 848 928 cuius
863 885 962 948 opera
983 865 1017 928 in
1037 865 1075 928 eis
1093 863 1129 926 de-

204 951 381 1016 scribendis
403 953 522 1034 uterer,
549 971 616 1014 non
638 950 806 1017 habebam.
850 949 946 1018 Nunc
969 953 1074 1035 habeo,
1093 951 1130 1035 qui

205 1039 239 1104 id
266 1039 431 1103 commode
463 1037 570 1102 faciat.
547 1038 720 1114 tOuare
752 1044 901 1124 exspecta
931 1041 1131 1126 propediema

205 1149 256 1192 me
283 1128 448 1211 ingentem
474 1127 675 1210 fasciculum,
702 1151 761 1212 pro
790 1151 853 1214 quo
880 1150 993 1194 vereor
1020 1150 1057 1194 ne
1079 1129 1131 1211 plus

205 1215 359 1279 mercedis
392 1215 534 1279 dandum
562 1215 604 1279 sit
633 1178 823 1300 tabellariis,
856 1239 954 1303 quam
982 1217 1084 1304 quanti
1107 1237 1132 1278 ea

206 1305 314 1368 omnia
337 1307 440 1367 erunt.
466 1301 541 1367 Erit
561 1308 671 1369 tamen
694 1305 779 1390 qnod
800 1267 906 1370 rideas
928 1329 996 1370 una
1017 1303 1132 1370 eumOa·

206 1393 293 1470 nalio
316 1395 442 1474 nostro,
465 1392 520 1476 qui
542 1392 635 1476 mihi,
658 1397 695 1458 ut
680 1393 825 1479 tt,debe
847 1394 991 1458 haeret
981 1417 1017 1460 m
1038 1393 1132 1460 animo:

205 1503 302 1582 quem
324 1484 374 1566 tu,
401 1481 447 1546 mi
470 1477 612 1564 Sacrate,
641 1482 795 1548 salutabis
816 1444 992 1568 diligenter
1012 1503 1076 1547 meo
1094 1503 1132 1544 no

206 1570 306 1651 mine,
329 1573 362 1633 et
385 1569 439 1652 qui
461 1569 541 1634 mihi
567 1531 860 1636 beirevolentiam
849 1571 952 1657 1psins
977 1569 1134 1637 conciliasti,

207 1657 292 1720 idem
315 1657 527 1722 conservabis
571 1655 703 1742 Nescio,
726 1679 768 1722 an
791 1659 895 1726 adhuc
921 1657 1134 1724 resciveribla·

207 1746 323 1808 cobum
341 1743 515 1808 Aemilium
537 1743 681 1832 Belgam
705 1767 799 1831 quem
821 1749 891 1832 ipse
914 1749 997 1814 m1h1
1019 1751 1049 1813 e
1068 1767 1134 1832 prae·

207 1853 282 1898 sens
319 1836 352 1896 et
386 1853 444 1916 per
479 1833 603 1898 litteras
640 1835 933 1920 commendaverat,
974 1859 1072 1920 nuper
1100 1835 1136 1898 lie

207 1925 371 1986 mortuum
393 1942 471 1986 esse.
494 1920 593 1986 Plura
616 1910 754 1987 scribere
777 1888 959 2010 cupientein
986 1925 1136 2008 impediunt

208 2011 474 2112 interpellatores,
498 2010 553 2094 qui
575 2011 655 2075 mihi
677 2012 908 2100 plerumque
877 2037 931 2080 ιιι
954 2015 997 2078 ad
1015 2035 1058 2098 ea,
1078 2031 1137 2096 quae

208 2101 389 2164 necessaria
421 2103 510 2182 sunt,
542 2099 619 2163 satis
651 2101 744 2164 vacui
779 2104 934 2187 temporis
970 2103 1137 2202 relinquunt.

175 2271 179 2277 ἡ
208 2185 398 2272 Benevola,
422 2185 550 2254 Sacrate
573 2187 619 2252 mi
642 2189 771 2273 optime,
794 2192 1019 2274 eruditissime,
1040 2188 1138 2254 amicis·

209 2275 303 2427 {rma
331 2279 364 2338 et
385 2295 437 2338 me
465 2297 572 2340 amare
594 2295 701 2362 perge
745 2295 801 2344 xv.
823 2279 895 2346 Kal.
918 2280 1013 2346 Febr.
1033 2293 1138 2344 uuam

241 2383 340 2428 omae.
444 2397 446 2402 v

606 2471 752 2482 ...u-*n—

557 2667 558 2672 *
619 2591 755 2660 XXXII.

403 2719 453 2794 M.
480 2720 722 2794 ANTONIUS
748 2720 971 2796 MURETUS

506 2855 693 2913 CORNELIO
711 2857 873 2914 VALERIO

656 2963 678 3007 S.
691 2964 720 3008 D.

275 3077 375 3145 Redit
402 3073 443 3143 ad
464 3078 497 3140 te
520 3072 648 3158 Lipsius
670 3077 760 3157 tuus,
787 3077 821 3140 at
841 3075 925 3140 redit
950 3091 1142 3161 magnorum

211 3166 330 3230 dolore.
375 3163 427 3229 Ita
455 3163 540 3228 enim
562 3184 614 3228 ma
637 3163 780 3228 devinxit
806 3163 868 3228 sibi
896 3164 1090 3248 praestantia
1109 3161 1142 3223 iu·

213 3254 300 3337 genii
323 3257 356 3317 et
369 3251 542 3335 doetrinae,
564 3251 750 3336 integritate
763 3273 898 3336 morum,
922 3254 1075 3318 suavitate
1096 3269 1141 3312 sar

174 3349 175 3356 ’
211 3341 318 3406 monis
345 3360 383 3402 ac
409 3302 649 3404 consuetudinis
677 3361 766 3424 suae,
798 3345 834 3404 ut
868 3363 905 3406 eo
938 3341 1142 3408 discedentes

212 3427 368 3494 memet
358 3446 429 3509 1pso
457 3427 536 3488 mihi
564 3427 657 3491 avelli
683 3391 815 3492 videier.
860 3428 997 3494 Felicem
1020 3434 1064 3513 te,
1085 3425 1141 3490 cor

213 3516 287 3598 nali,
310 3513 399 3579 cuius
414 3533 452 3576 ex
465 3513 632 3597 disciplina
654 3513 839 3582 adolescens
861 3521 930 3584 tam
943 3519 1008 3584 rari
1029 3480 1142 3596 eienpli
