2330 3944
2 12 252 120 ῃ

282 273 286 280 ·
386 251 521 306 ORATIO
542 251 615 306 XIII.
916 252 976 317 131

42 417 156 460 caussae
193 417 230 459 ac
266 396 426 479 principia
456 417 564 460 rerum
595 396 804 479 exquiruntur
836 400 892 461 aut
923 399 978 461 ali-

41 485 117 547 cuius
151 483 338 567 disciplinae
376 487 548 568 praecepta
587 483 772 568 traduntur,
812 506 978 568 nunquam

41 594 86 636 eos
118 572 286 655 quisquam
316 575 403 636 recte
434 572 604 636 historiam
636 573 806 637 vocaverit.
846 572 892 636 Ac
922 575 979 638 ubi

40 663 172 724 narratur
198 664 328 724 tantum
355 661 475 743 aliquid
499 664 595 744 atque
623 662 806 745 exponitur,
832 666 918 726 recte
945 662 979 725 id

41 749 214 832 scriptorum
233 769 336 834 genus
354 749 524 812 historiam
542 749 728 814 nominaris.
763 748 875 832 Itaque
897 750 979 814 liber

41 837 165 922 quidam,
189 838 245 921 qui
267 835 389 901 Galeno
412 837 526 902 tribuit
512 841 577 921 ιιιι,
604 859 708 921 neque
735 841 845 901 tamon
872 838 977 920 ipsius

40 929 79 988 est
83 947 176 1009 ,quo
206 927 352 990 veterum
379 925 646 1009 philosophorum
668 947 860 1009 unaquaque
884 925 922 989 de
945 947 979 990 re

40 975 202 1078 sententiae
217 1017 422 1098 exponuntur
435 1017 577 1097 tantum,
595 1035 663 1078 non
681 1015 778 1078 etiam
796 1015 979 1097 expendun-

39 1105 90 1186 tur,
109 1105 196 1166 recte
218 1102 405 1166 inscribitur
427 1064 659 1180 pcloodqiovl
656 1101 754 1179 σιορί
752 1121 799 1174 ας.
838 1100 978 1166 Eodem·

40 1211 86 1272 que
106 1190 238 1255 nomine
262 1190 347 1253 affici
369 1192 504 1274 possent
526 1187 600 1251 libri
623 1188 765 1252 eiusdem
788 1211 825 1253 ar
870 1191 980 1275 menti,

40 1279 81 1360 qui
103 1278 188 1344 falso
216 1279 403 1342 tribuuntur
426 1275 599 1340 Plutarcho
627 1272 705 1352 περι
726 1277 794 1336 τῶν
841 1277 979 1354 οεσκόν-

40 1385 91 1426 των
121 1372 191 1438 τοῖς
224 1364 434 1446 φιλοσόφοις.
476 1363 524 1428 At
553 1363 654 1428 libros
685 1337 892 1446 physicorcim
924 1368 981 1428 aut

40 1450 203 1516 ethicorum
240 1454 297 1515 aut
333 1452 489 1517 eiusmodi
526 1452 605 1515 alios
644 1451 671 1515 si
707 1451 778 1533 quis
810 1449 877 1514 hist
863 1453 980 1516 toriam

40 1543 165 1622 vocaret,
216 1540 300 1602 male
350 1543 383 1603 et
431 1540 604 1604 inscienter
648 1538 803 1602 historiae
849 1541 979 1604 nomine

39 1631 175 1692 uteretur.
229 1625 316 1691 Nam
355 1627 435 1692 illud
477 1648 603 1712 quoque
638 1625 885 1711 intelligendum
922 1633 980 1712 est,

41 1715 110 1797 quod
139 1715 178 1779 de
206 1718 277 1780 toto
301 1715 408 1798 aliquo
432 1737 548 1801 genere
571 1714 718 1780 universe
743 1715 905 1800 scribitur,
932 1717 980 1781 hi·

41 1804 158 1867 storiam
189 1825 258 1868 non
288 1804 410 1888 vocari,
440 1805 504 1870 nisi
534 1803 751 1889 particulatim
784 1803 824 1866 ad
853 1805 982 1889 singula

42 1892 181 1956 veniatur.

95 1980 198 2065 Atque
216 1980 298 2045 haec
316 2001 388 2045 cum
406 1982 453 2048 ita
471 1982 549 2065 sint,
566 1981 720 2046 historiae
738 1983 848 2044 tamen
861 2002 981 2045 nomen

42 2067 147 2133 iuhao
174 2069 394 2153 disputatione
421 2091 488 2133 non
515 2072 583 2132 tam
614 2071 678 2133 Iate
707 2069 893 2153 accipimus,
926 2069 981 2133 sed

42 2155 94 2220 vim
117 2157 204 2221 illius
232 2158 473 2242 angustioribus
495 2158 641 2222 termims
669 2157 909 2242 concludentes,
935 2158 982 2222 ita

42 2244 240 2310 definiendam
262 2245 433 2310 historiam
455 2250 619 2330 putamus:
646 2245 793 2311 Historc'o
814 2252 858 2312 est
878 2267 982 2310 rerum

37 2333 310 2416 susceperam
327 2334 445 2414 diffuso
459 2339 488 2398 ct
499 2336 677 2400 continuato
690 2335 840 2400 corratio.
867 2333 981 2420 Neque

42 2422 200 2507 quidquam
227 2422 382 2487 interesse
410 2423 616 2508 arbitramur,
643 2424 683 2487 ad
710 2423 772 2487 hoo
796 2423 923 2506 quidem
946 2428 982 2488 ut

41 2508 162 2576 historia
184 2510 241 2596 sit,
265 2512 372 2576 sintne
394 2533 446 2576 res
468 2511 542 2576 illae
564 2515 706 2576 remotae
730 2510 770 2574 ab
790 2515 877 2575 aetat
863 2512 905 2575 tis
924 2535 981 2576 no-

42 2601 303 2701 daemomonia,
326 2621 369 2664 an
391 2599 510 2679 minus,
534 2603 567 2664 et
588 2622 667 2665 num
688 2600 715 2662 is
720 2599 807 2682 ‚qui
831 2621 884 2664 eas
908 2601 982 2664 scri-

41 2685 87 2771 ιιι
121 2689 241 2752 eism
205 2651 403 2772 interiuerit,
439 2710 482 2752 an
513 2709 581 2752 non
611 2687 802 2752 interfuerit.
849 2685 983 2772 Scripsit
1096 2711 1099 2718 ’

41 2737 210 2842 Heiodotus
234 2776 391 2840 derebus
415 2797 435 2841 a
461 2777 615 2841 memoria
638 2775 753 2840 aetatis
782 2795 858 2838 suae
881 2799 982 2841 remo·

41 2863 81 2928 tis:
111 2869 144 2930 et
175 2865 347 2930 historiam
376 2865 519 2948 scripsit3
551 2864 679 2948 scripsit
710 2863 911 2947 Thucydides
944 2866 983 2929 de

41 2949 122 3039 bello,
157 2954 210 3017 cui
237 2955 306 3038 ipse
338 2953 542 3037 interfueram
574 2953 702 3053 scripsit
728 2951 913 3052 Xenophon
945 2953 983 3016 de

42 3041 128 3108 reditu
167 3040 365 3107 Graecorum
401 3063 440 3106 ex
474 3040 567 3126 Asia,
604 3042 655 3106 oui
690 3061 758 3103 non
793 3039 985 3107 interfuerat

42 3131 134 3216 nodo,
173 3129 230 3196 sed
268 3134 300 3194 et
323 3130 531 3232 praefuerat:
572 3133 606 3193 et
645 3131 780 3212 uterque
815 3129 881 3192 hist
867 3130 985 3218 toriam

43 3181 161 3304 scripsit.
209 3217 245 3284 si
278 3219 348 3303 quis
379 3219 477 3303 dicat,
509 3217 550 3282 ad
576 3216 673 3282 fidem
700 3220 733 3281 et
760 3237 820 3282 auc
820 3219 918 3284 torita
919 3206 985 3286 teni

41 3301 180 3374 historiae
213 3307 449 3373 conciliandam
479 3307 648 3392 interesse,
685 3306 805 3372 scribat
836 3309 906 3392 quis
939 3331 986 3393 ea,

43 3415 105 3476 quae
126 3398 199 3483 ipse
228 3396 346 3461 viderit
372 3417 410 3460 ac
436 3395 637 3480 cognoverit,
664 3417 707 3460 an
735 3417 816 3479 quae
844 3397 885 3461 ab
914 3397 984 3462 aliis

42 3483 143 3552 tradIta
169 3485 343 3569 acceperit,
369 3506 438 3550 non
460 3484 601 3569 negab03
628 3485 717 3569 si,u
696 3487 733 3549 t
755 3505 828 3548 vere
852 3506 889 3549 ac
912 3507 985 3568 pro-

40 3573 94 3655 prie
114 3574 257 3641 historia
285 3574 339 3659 sit,
365 3574 482 3640 horum
505 3572 693 3638 utrumlibet
719 3573 838 3656 requiri
862 3572 985 3656 dixerit,

790 3678 826 3729 9*
