2326 3942
379 219 514 274 ORATIO
534 219 620 274 XVII.
912 222 975 286 173

39 383 137 426 remus.
167 361 229 426 Per
258 363 411 446 epistolas
443 367 536 446 pater
567 385 640 428 cum
670 365 793 449 liberis,
823 367 873 430 vir
903 387 977 432 cum

38 449 276 534 uxore,f1atres
304 473 341 515 ac
364 453 537 535 propinqui
559 451 644 516 inter
671 474 717 536 re,
743 457 814 517 tum
841 477 977 541 quoquc,

36 560 96 602 cum
121 539 214 602 multi
245 539 331 602 inter
362 561 417 604 eos
444 544 570 604 montes
601 541 765 624 multaque
796 543 898 606 maria
928 545 976 607 in·

36 627 153 690 teriecta
176 630 266 710 sunt,
287 627 334 691 ita
357 629 596 712 colloquuntur,
619 631 656 692 ut
674 650 740 692 una
758 651 870 694 omnes
890 631 977 695 domi

37 735 91 777 esse
116 714 300 798 videantur3
328 737 385 799 per
413 717 566 799 epistolas
594 720 627 780 et
653 717 839 781 indicuntur
867 723 900 782 et
923 740 976 804 ge-

37 806 135 866 runtur
162 803 262 886 bella,
289 825 385 887 paces
413 808 664 889 componuntur,
692 806 776 868 inter
803 807 976 870 remotissi-

37 912 91 954 mas
116 891 267 956 nationes
295 893 536 958 constituuntur
563 894 744 976 societates,
775 893 906 958 foedera
931 895 977 959 fe·

37 979 159 1062 rimtur;
202 980 356 1064 amicitia,
405 1002 486 1064 quae
522 981 763 1046 condimentum
798 983 883 1046 vitae
919 986 977 1067 est,

36 1089 86 1148 quo
110 1067 239 1132 sublato
267 1069 335 1132 vita
362 1069 488 1152 quidvis
515 1070 622 1153 potius
650 1092 747 1153 quam
777 1069 845 1134 vita
870 1070 977 1154 fucrit,

37 1155 110 1219 nullo
149 1156 256 1240 magis
297 1157 491 1222 adminiculo
537 1179 633 1241 quarn
673 1158 792 1222 mutuis
833 1159 977 1242 epistolis

38 1239 215 1308 continetur.
255 1243 370 1328 Itaque
402 1246 430 1309 si
462 1246 671 1329 epistolarum
697 1269 774 1310 usus
802 1247 977 1330 tolleretur,

38 1333 249 1396 commercium
289 1353 416 1416 quoque
457 1338 490 1396 et
524 1335 681 1398 naturalis
717 1335 774 1398 illa
808 1334 978 1399 hominum

37 1417 105 1482 inter
138 1421 230 1504 ipsos
268 1421 405 1486 societas
442 1423 618 1486 tolleretur.
664 1421 747 1486 Sunt
781 1423 858 1504 ista,
894 1421 978 1486 dicet

38 1508 147 1592 aliquis,
182 1509 239 1574 sed
270 1512 381 1573 tamen
414 1510 558 1593 epistolis
591 1531 650 1573 sua
681 1510 815 1592 quisque
846 1510 978 1594 negotia

37 1597 213 1679 committIt3.
245 1617 359 1681 graves
392 1600 425 1660 et
456 1597 574 1662 arduae
606 1597 841 1681 disputationes
873 1601 906 1661 et
937 1597 979 1661 ad

37 1705 101 1764 quas
121 1684 345 1768 percipiendas
369 1684 499 1750 doctore
527 1707 608 1769 opus
636 1686 690 1769 sit,
717 1685 861 1769 epistolis
888 1707 977 1748 man-

37 1769 92 1833 dari
115 1793 186 1836 non
212 1773 327 1836 solent.
363 1772 435 1838 Hoc
463 1773 490 1836 si
517 1774 588 1856 quis
616 1773 655 1838 de
676 1776 747 1838 tcto
771 1774 979 1856 epistolarum

37 1867 136 1940 genere
170 1859 275 1924 dicere
308 1861 438 1945 audeat,
470 1861 627 1948 ablegabo
656 1883 729 1926 eum
756 1861 798 1925 ad
823 1861 979 1946 Platonis,

37 1943 186 2032 isocratis,
214 1947 354 2014 Senecae
378 1954 410 2013 et
432 1950 547 2014 talium
575 1950 728 2033 epistolas
755 1971 979 2034 quaeramqne,

37 2037 178 2120 numquid
205 2035 278 2100 illas
306 2059 433 2121 quoque
461 2037 500 2102 de
526 2037 622 2102 rebus
649 2038 836 2122 vulgaribus
860 2041 892 2101 et
914 2037 979 2101 cui·

37 2123 101 2186 libet
121 2125 194 2188 sine
222 2124 362 2190 doctoris
386 2147 484 2209 opera
506 2126 683 2210 perspicuis
707 2126 842 2210 scriptas
865 2124 979 2208 putet?

37 2209 136 2276 iubebo
174 2213 327 2296 inspiciat
362 2214 466 2297 illam,
503 2236 585 2299 quae
623 2236 643 2278 a
679 2211 832 2279 Cicerone
870 2212 911 2277 ad
944 2212 979 2288 Q.

38 2293 168 2363 Fratrem
200 2301 237 2364 in
267 2300 381 2366 Asiam
412 2303 511 2366 missa
543 2306 605 2386 est,
642 2323 705 2385 qua
736 2303 785 2366 vir
816 2322 885 2367 non
916 2303 979 2366 elo-

37 2387 252 2466 quentissimus
279 2393 422 2474 tantum,
453 2390 509 2454 sed
537 2391 635 2454 etiam
660 2390 849 2455 tractandae
876 2389 980 2473 reipu-

37 2471 121 2540 blicae
156 2477 386 2562 peritissimus,
431 2479 541 2544 omnia
576 2479 760 2562 complexus
796 2481 859 2562 est,
899 2499 980 2560 quae

37 2566 179 2642 praestari
215 2565 335 2630 debent
374 2567 415 2631 ab
456 2567 509 2650 iis,
550 2567 605 2650 qui
635 2567 767 2652 ,magnis
807 2565 980 2650 provinciis

38 2670 144 2718 summo
175 2673 250 2718 cum
277 2653 412 2738 imperio
443 2658 606 2739 praesunt.
646 2653 732 2720 Nam
763 2655 819 2719 illo
853 2653 981 2738 quidem

39 2745 214 2823 argumento
242 2742 296 2805 vix
322 2743 357 2806 in
383 2746 451 2808 tam
478 2743 542 2808 levi
568 2764 682 2808 caussa
708 2742 864 2808 utendum
891 2745 980 2826 puto,

39 2829 106 2906 quod
132 2830 310 2913 praecipua
336 2831 502 2916 religionis
529 2835 660 2896 nostrae
689 2831 843 2916 mysteria
866 2851 885 2894 a
908 2849 980 2894 san·

9 2921 10 2924 ’
39 2915 171 2981 ctissimis
208 2917 273 2982 illis
310 2922 458 2983 aeternae
499 2919 644 2984 veritatis
686 2919 885 3002 doctoribus,
925 2917 981 3000 qui

39 3003 114 3068 uobis
141 3005 187 3069 ad
214 3006 432 3089 aspiciendam
454 3007 554 3092 viam,
581 3030 645 3092 qua
666 3008 767 3072 iretur
788 3007 824 3070 in
847 3006 980 3089 coelum,

39 3087 124 3156 facem
155 3095 394 3180 praetulerunt,
429 3096 573 3180 epistolis
604 3097 728 3160 inclusa
760 3097 844 3159 sunt.
889 3092 979 3169 Quis-

8 3263 9 3266 ,
39 3197 161 3258 quamne
194 3182 241 3246 ita
272 3183 370 3266 impie
402 3185 589 3248 temerarius
621 3188 683 3266 est,
719 3186 770 3266 ut,
805 3204 879 3248 cum
910 3181 980 3248 illo·

40 3284 302 3354 reciprocarum,
329 3270 455 3356 Basilii,
482 3271 691 3355 Nazianzeni,
714 3268 881 3356 Cypriani,
903 3269 980 3336 Am-

8 3355 9 3360 ’
39 3349 132 3441 brosii,
155 3357 363 3444 Hieronymi,
385 3359 574 3444 Augustini,
597 3359 744 3444 Gregorii
773 3363 806 3424 et
828 3359 982 3424 similium

8 3475 9 3503 2
40 3442 175 3521 epistolas
204 3447 233 3511 si
256 3447 363 3520 minus
390 3449 518 3533 legerit,
546 3452 670 3512 exstare
697 3451 807 3512 tamen
835 3447 982 3530 audierit,

8 3545 13 3617 ξ
41 3529 128 3597 lotum
151 3535 362 3619 epistolarum
386 3557 487 3622 genus
512 3539 716 3602 contemnere
740 3535 878 3600 audeat?
