2326 3942
373 233 509 290 ORATIO
528 233 615 288 XVII.
909 235 971 300 177

38 365 148 444 norilius
171 381 362 464 augeantur.
403 375 474 442 Hac
500 376 656 444 facultate
688 394 761 444 cum
798 380 866 465 alii,
901 384 973 446 turn

37 467 151 533 lacobus
174 463 342 532 Sadoletus
370 470 403 530 et
425 465 540 532 Petrus
563 465 706 534 Bembus
732 468 818 534 viam
845 468 908 534 sibi
930 469 973 536 ad

37 556 205 640 dignitatem
227 577 371 620 summac
393 556 572 639 proximam
592 556 786 622 munierunt.
822 555 908 624 Nolo
932 557 972 622 de

37 644 194 710 uiuentibus
217 644 336 728 dicere,
362 664 403 708 ne
427 647 484 708 aut
506 644 630 708 adulari
658 644 767 710 videar
794 649 851 710 aut
878 646 973 710 aliter

37 754 77 798 cos
96 732 231 815 laudem,
259 754 356 816 quam
383 732 446 816 ipsi
472 731 611 797 fortasse
638 733 764 798 laudari
792 755 825 798 se
849 735 971 800 volunt.

86 820 161 906 Vos,
187 819 423 904 adolescentes,
450 856 492 868 -·-
526 825 634 886 vestra
661 823 748 888 enim
775 844 827 888 res
856 823 973 907 agitur,

37 913 59 972 et
88 910 159 974 satis
196 911 262 974 iam
294 910 466 976 verborum
496 909 620 976 factum
652 914 715 995 est,
749 946 788 958 -
822 910 972 976 adiuvate

37 999 192 1064 attentione
225 1001 334 1063 vestra
369 997 562 1064 industriam
593 1020 699 1064 meam
730 1003 764 1066 et
794 999 874 1065 mihi
909 999 973 1066 hoc

37 1087 144 1170 credite,
170 1088 395 1174 integritatem
416 1086 553 1152 Latinae
580 1088 725 1173 linguae,
752 1089 973 1174 cognitionem

38 1175 232 1260 antiquitatis,
277 1175 482 1261 prudentiam
527 1176 561 1240 in
607 1177 703 1242 rebus
744 1177 892 1263 gerendis
934 1195 973 1242 ex

38 1264 104 1329 nullo
133 1263 300 1333 Ciceronis
336 1265 419 1332 libro
456 1285 552 1348 posse
588 1287 607 1329 a
638 1265 730 1331 vobis
766 1267 880 1332 melius
917 1269 973 1331 aut

38 1351 137 1418 facilius
169 1375 270 1437 quarn
301 1375 339 1420 ex
370 1353 422 1418 his
454 1353 599 1437 epistolis
636 1355 824 1438 comparari.
870 1352 972 1437 Oupe·

38 1461 97 1524 rem,
120 1441 220 1508 Paule
248 1441 343 1526 Foxi,
374 1442 423 1506 vir
450 1463 519 1508 non
544 1445 674 1508 tantum
700 1443 873 1527 inprimis
900 1442 972 1506 illu-

38 1530 104 1613 stris,
140 1531 197 1596 sed
241 1531 283 1596 ad
322 1530 549 1596 illustrandum
589 1529 651 1596 hoc
688 1532 851 1596 saeculum
886 1534 972 1614 uate,

38 1638 99 1769 tlt
120 1612 319 1774 (Ιέιῖζῖῗὲᾼὲ
346 1620 477 1772 mlii-¹1¹⁰
490 1619 631 1794 titt
654 1619 973 1793 ttttttldtlt

324 1759 332 1791 l
800 1759 810 1793 7

37 1815 121 1879 agere,
151 1796 242 1880 quod
272 1797 348 1861 talis
375 1801 549 1880 tantusque
576 1797 638 1881 vir,
665 1797 793 1864 omissis
824 1798 973 1882 negotiia,

39 1883 128 1962 quibus
155 1885 287 1950 assidue
316 1885 491 1970 distineris,
522 1885 655 1952 honoris
683 1887 747 1952 mei
774 1907 888 1950 caussa
914 1886 972 1950 ho·

38 1968 84 2054 die,
114 1975 255 2040 multum
287 1973 478 2058 deprecante
514 1996 565 2040 me
606 1995 646 2039 ne
678 1974 711 2039 id
742 1973 878 2056 faceres,
909 1973 973 2038 huc

38 2061 122 2126 tamen
147 2064 262 2128 venire
289 2063 438 2128 volueris.
480 2061 542 2127 Sed
570 2084 642 2128 oum
674 2062 818 2128 animum
844 2062 879 2126 in
907 2083 973 2126 om-

38 2166 78 2211 ues
108 2155 215 2234 partes
256 2151 395 2235 versavi,
431 2149 529 2235 nihil,
565 2151 651 2235 quod
686 2155 719 2216 te
756 2151 891 2236 dignum
922 2150 974 2234 sit,

39 2240 193 2323 excogitare
232 2261 375 2323 possum.
420 2239 551 2304 xTacebo
587 2241 688 2325 igitur
729 2243 762 2304 et
801 2239 864 2304 hoc
902 2241 972 2304 toto

39 2343 128 2405 gauere
155 2329 339 2414 gratiarum
366 2328 502 2394 actionis
531 2327 753 2412 supersedebo
788 2325 862 2393 Nisi
888 2328 973 2392 forte

38 2409 81 2476 hoc
103 2416 208 2500 ipsum
238 2439 359 2482 novum
388 2416 550 2500 quoddam
577 2417 698 2501 gratias
726 2417 843 2502 agendi
870 2438 973 2502 genus

39 2505 83 2585 est,
101 2525 170 2570 oum
193 2506 239 2590 is,
262 2505 318 2589 qui
339 2504 531 2570 beneficium
554 2506 690 2591 accepit,
717 2505 974 2592 magnitudinem

39 2587 101 2656 illius
129 2593 240 2659 verbis
272 2615 293 2658 a
321 2614 355 2658 se
387 2593 557 2678 coaequari
583 2615 652 2660 non
678 2615 773 2680 posse
807 2594 974 2679 confitens,

39 2681 207 2748 conticescit.

97 2949 371 3014 RRPETITURUS
393 2949 535 3012 LIBROS
558 2949 815 3013 ARISTOTELIS
837 2951 890 3012 DE

400 3056 584 3118 MORIBUS.

292 3191 504 3278 ORATIO
539 3193 699 3278 XVIII.

98 3352 215 3394 HABITA
230 3352 336 3395 ROMAE
350 3355 454 3396 eamne
468 3355 536 3397 NON.
551 3353 705 3396 NOVEMBR.
718 3353 894 3396 nnnxxm

87 3474 227 3546 Primum
264 3479 394 3565 quidem
428 3479 535 3546 Deum
575 3480 790 3544 immortalem
829 3499 975 3560 veneror,

40 3563 191 3652 auditores,
226 3571 276 3653 ut,
308 3569 335 3634 si
365 3569 426 3636 hos
453 3568 571 3655 viginti
603 3589 720 3652 annos,
751 3565 867 3651 quibus
898 3565 975 3630 huic

78 3675 162 3720 Iluam
175 3690 213 3724 oa.
780 3675 812 3722 12
