2330 3944
180 196 245 262 168
515 191 670 286 'ORATIO
689 191 776 246 XVII.

180 345 243 424 est,
265 343 303 404 ut
324 361 395 424 vos,
419 340 575 422 quantum
597 339 633 402 in
655 359 706 400 me
725 337 823 402 situm
841 339 904 419 est,
926 337 965 399 ad
983 337 1109 419 eloquen·
1146 359 1147 412 q

180 430 260 493 tiam
278 428 457 492 informem.
484 426 583 490 Recte
603 429 712 489 autem
726 429 759 488 εὴ
776 445 850 488 vere
869 423 994 487 dicebat
1006 421 1110 508 Caesar,

181 517 339 580 delectum
375 515 546 580 verborum
582 535 651 577 esse
688 513 854 597 originem.
888 511 1110 598 eloquentiae*).

180 603 334 687 Idemque
360 604 463 668 multo
492 606 567 666 ante
593 623 668 674 ¹eum
695 598 945 685 Aristoteles**)
973 599 1111 682 docuerat,
1147 629 1148 634 ¹

180 692 237 776 qui
260 713 333 756 cum
355 691 545 756 elocutionis
567 693 739 774 praecepta
758 688 877 754 Graece
895 688 1045 771 traderet,
1064 690 1111 771 pri·
1148 696 1149 764 l

181 803 269 846 mam
290 781 377 845 illius
399 780 552 844 virtutem
569 799 638 842 esse
661 778 785 841 dixerat
804 773 1002 855 ἑλληνίζειν,
1024 776 1113 856 idest,

182 868 302 934 Graece
328 869 375 932 ita
402 868 503 951 loqui,
535 870 572 930 ut
598 866 701 930 oratio
729 865 812 930 nihil
838 866 1024 949 barbarum,
1051 865 1114 928 nihil

181 958 339 1040 insolens,
361 956 532 1020 absonum.
556 955 761 1039 peregrinum
782 953 916 1039 habeat,
940 954 996 1018 sed
1018 955 1048 1016 et
1067 953 1114 1016 sin-

182 1046 332 1130 gularum
359 1065 474 1108 vocum
506 1043 667 1128 elegantia
699 1046 732 1106 et
763 1063 874 1106 earum
906 1045 1064 1106 structura
1089 1061 1117 1103 ac

182 1133 393 1198 collocatione
416 1136 527 1196 natam
550 1153 619 1195 esse
642 1151 675 1194 se
697 1131 732 1194 in
755 1130 860 1194 media
880 1128 1014 1195 Graecia
1032 1132 1116 1193 osten-

182 1220 247 1284 dat.
284 1219 346 1295 Qui
373 1241 450 1305 ergo
478 1219 596 1284 Latina
622 1218 735 1302 lingua
762 1219 949 1301 eloquentes
978 1239 1045 1283 csse
1068 1239 1116 1280 ne·

183 1308 341 1392 ditantur,
376 1309 416 1372 iis
450 1309 513 1373 hoo
549 1307 689 1391 primum
730 1306 963 1370 elaborandum
1005 1310 1061 1388 est,
1090 1307 1118 1366 ut

183 1395 313 1481 Latine,
336 1419 414 1480 pure
442 1399 475 1460 et
502 1417 598 1479 quam
625 1395 762 1458 maxime
789 1415 828 1457 ex
854 1397 1001 1458 veterum
1022 1393 1118 1458 Rona-

182 1507 300 1549 norum
340 1507 400 1549 usu
441 1505 478 1548 ac
519 1482 749 1548 consuetudine
794 1482 981 1565 loquantur.
1029 1479 1120 1545 Nolite

184 1576 292 1636 autem
323 1576 437 1654 putare
468 1571 596 1635 laudem
627 1571 730 1654 illam,
766 1591 847 1652 quae
881 1571 974 1654 quasi
1003 1569 1121 1635 sanitate

184 1664 217 1723 et
242 1660 430 1743 integritate
458 1680 495 1722 ac
522 1659 711 1723 castimonia
738 1657 846 1722 Latini
859 1674 865 1685 “
880 1659 1039 1724 sermonis
1064 1678 1121 1721 con·

183 1747 319 1830 tinctur,
342 1751 399 1810 aut
420 1768 553 1830 parvam
576 1751 633 1810 aut
654 1747 749 1810 facile
772 1747 950 1830 parabilem
974 1769 1051 1812 esse.

251 1831 333 1900 Cum
359 1839 434 1919 post
459 1835 624 1899 restItutas
652 1857 671 1898 a
693 1833 837 1899 Medicea
863 1835 1066 1919 potissimum
1083 1833 1123 1896 >f-

184 1923 274 1988 milia
300 1923 424 1988 litteras
451 1923 579 1988 infinita
607 1923 762 2006 quaedem
784 1923 833 1987 vis
857 1925 1018 1988 exstiterit
1039 1922 1123 1987 homi·

184 2034 263 2076 num
285 2012 427 2077 inomni
450 2033 566 2097 genere
590 2012 800 2095 eruditorum,
822 2033 958 2096 cumque
978 2017 1012 2076 et
1030 2015 1126 2076 nostra

186 2103 219 2164 et
240 2105 370 2185 patrum
392 2101 546 2166 memoria
568 2100 715 2164 homines
739 2101 872 2164 summis
891 2101 1033 2185 ingeniis
1051 2119 1126 2183 prae·

186 2188 245 2252 diti
267 2192 335 2251 tam
357 2190 492 2252 multam
514 2189 548 2251 in
565 2188 679 2252 Latine
701 2188 854 2270 loquendi
878 2189 985 2254 studio
1011 2207 1127 2272 operam

186 2276 367 2358 posuerint,
402 2280 439 2339 ut
473 2276 507 2339 id
542 2298 642 2359 prope
673 2297 774 2340 unum
806 2277 912 2360 operis
943 2277 1064 2341 habere
1091 2275 1126 2338 vi-

186 2363 350 2427 derentur:
382 2364 566 2447 paucissimi
592 2368 718 2449 tamen,
750 2386 887 2448 quorum
913 2366 1049 2450 scripta,
1073 2384 1129 2428 non

187 2450 258 2516 dico
282 2451 438 2516 sermonis
461 2452 546 2516 vitiis
570 2456 713 2536 careant,
735 2453 896 2518 namhoc
919 2453 1050 2537 quidem
1071 2453 1129 2516 illo

186 2560 259 2602 rum
286 2539 408 2603 nemini
435 2541 585 2625 contigit,
616 2541 672 2604 scd
704 2541 843 2624 aliquam
876 2541 991 2606 saltem
1018 2541 1131 2626 priscae

140 2651 143 2656 ·
186 2625 273 2690 illius
306 2630 338 2690 et
369 2628 498 2692 nativae
525 2627 711 2692 Latinitatis
742 2629 917 2714 imaginem
944 2631 1131 2706 contineant,

187 2715 387 2780 exstiterunt.
430 2715 478 2781 Ut
513 2714 625 2780 Graeci
660 2717 829 2800 proverbio
866 2718 990 2800 dicunt,
1022 2719 1133 2782 multos

187 2824 271 2888 esse,
294 2805 349 2887 qui
370 2805 519 2890 thyrsum
544 2804 664 2888 ferant,
688 2805 743 2870 sed
765 2827 886 2889 paucos
908 2801 1134 2888 Bacchos***),

186 2891 235 2956 ita
262 2893 436 2958 multorum
463 2894 547 2958 falsa
578 2892 716 2976 quadam
743 2892 854 2958 Latini
887 2895 1044 2960 sermonis
1072 2914 1134 2977 spe-

188 2981 235 3044 cie
258 2981 390 3046 inducta
413 2986 446 3046 et
468 2982 570 3048 oblita
596 2981 699 3046 oratic
727 2985 789 3066 est,
817 3004 992 3066 paucorum
1014 2981 1136 3047 Latina

187 3067 262 3133 Duo
289 3071 325 3133 in
351 3069 447 3135 Italia
473 3069 590 3135 summi
620 3070 681 3135 viri
713 3069 809 3134 duces
841 3071 953 3135 ceteris
985 3071 1026 3135 ad
1058 3071 1138 3134 hanc

188 3156 316 3220 laudem
340 3159 568 3241 capessendam
590 3162 624 3222 et
650 3158 742 3243 quasi
769 3159 974 3244 antesignani
1000 3159 1139 3238 fuerunt,

187 3239 325 3307 Iacobus
358 3243 527 3310 Sadoletus
560 3249 593 3310 et
622 3245 737 3312 Petrus
768 3244 922 3332 Bembus,
958 3247 1012 3330 qui
1045 3247 1137 3310 etiam

242 3450 269 3518 *l
288 3447 342 3524 llic.
361 3449 437 3504 Brut.
459 3457 500 3505 72.
519 3456 579 3505 263.
630 3453 671 3520 **)
689 3453 804 3510 Rhetor.
823 3457 870 3510 ΠΙ.
890 3460 914 3510 5.
964 3457 1019 3524 ***)
1039 3451 1142 3509 Πολλοὶ

188 3516 243 3586 μὲν
261 3515 492 3589 ναρθηκοφόροι,
510 3520 614 3588 παῦροι
633 3523 665 3578 δέ
685 3543 714 3578 τε
734 3521 846 3595 Βάκχοι.
