2360 3944
146 181 164 244 8
538 177 673 233 ORATIO
692 179 712 232 I.

144 346 219 400 men
241 325 282 388 ad
306 346 359 388 eas
381 345 445 406 res,
473 345 553 406 quas
576 323 672 387 modo
696 324 965 406 enumeravimus,
993 324 1107 389 aliena

145 435 242 496 opera
264 435 332 477 non
354 411 555 476 incommode
578 413 697 476 utatur.
728 411 782 474 An
798 433 875 476 vero
891 411 926 475 Τ.
939 410 1107 476 Manlium

145 501 344 584 Torquatum
366 500 539 564 memoriae
557 499 720 583 proditum
739 503 800 582 est,
823 521 896 564 curn
915 501 1028 564 consul
1047 501 1107 565 de-

144 590 284 654 claratus
305 589 433 672 fuisset,
456 609 622 653 excusasse
645 587 862 652 valetudinem
881 589 1049 653 oculorum
1070 596 1108 653 et

145 699 304 742 summurn
321 677 493 760 imperium
507 676 717 759 detrectasse,
741 677 827 758 quod
848 676 1019 759 indignum
1042 677 1106 742 du-

144 770 230 829 ceret
248 767 277 830 ei
296 766 402 849 capita
425 786 462 828 ac
484 765 632 829 fortunas
652 767 831 828 ceterorum
849 765 1020 848 committi,
1043 767 1107 850 qui

144 854 257 918 alienis
285 853 385 918 oculis
413 853 522 917 omnia
549 873 659 937 gerere
687 856 869 936 cogeretur:
904 853 960 936 qui
991 853 1107 918 alieno

143 942 275 1027 ingenio
298 942 465 1024 alienaque
487 941 601 1025 lingua
623 940 664 1004 ad
687 941 796 1004 omnia
817 941 866 1004 uti
888 961 1018 1005 necesse
1041 941 1107 1006 ha·

143 1030 279 1112 bebunt,
300 1029 324 1092 ii
343 1029 421 1094 satis
440 1029 480 1092 ad
500 1029 727 1114 gubernandos
746 1032 868 1093 ceteros
886 1028 995 1093 idonei
1011 1029 1107 1094 vide-

143 1117 285 1182 buntur?
317 1117 363 1180 At
382 1117 548 1182 oculorum
566 1117 694 1201 quidem
711 1117 833 1182 lumine
852 1120 997 1182 carentes
1015 1118 1106 1182 nihil

142 1205 294 1289 prohibet
325 1205 392 1269 acie
424 1205 547 1290 ingenii
579 1205 676 1270 etiam
711 1205 822 1269 futura
853 1226 983 1269 cernere
1015 1207 1105 1289 opti-

144 1315 257 1378 meque
277 1292 457 1374 eorisulere,
480 1295 590 1377 quales
609 1294 644 1357 in
661 1293 780 1357 fabulis
799 1293 969 1376 Tiresiam,
992 1294 1027 1356 in
1049 1293 1105 1358 hi-

145 1382 252 1448 storiis
283 1381 427 1467 Appium
457 1383 607 1468 legimus:
644 1382 733 1445 cuius
765 1403 841 1446 vero
879 1381 1105 1446 doctrinarum

143 1472 214 1536 luce
242 1475 350 1535 careat
377 1471 516 1555 animus,
548 1469 624 1554 quid
650 1470 679 1534 is
705 1469 837 1533 tandem
869 1472 992 1554 gerere,
1020 1471 1104 1553 quid

146 1559 319 1642 suscipere,
342 1560 419 1641 quid
442 1560 584 1644 cogitare
606 1558 807 1642 praeclarum
828 1557 959 1641 potest?

211 1643 273 1711 Sed
296 1650 374 1709 sunt
397 1647 528 1729 quidam
549 1647 710 1728 homines,
739 1646 794 1729 qui
817 1667 890 1710 curn
916 1646 1105 1710 litterarum

144 1733 371 1798 tractationem
400 1734 584 1817 tranquillis
615 1733 801 1817 pacatisque
831 1734 1032 1817 temporibus
1067 1741 1106 1800 et

143 1822 314 1886 honestam
336 1821 483 1905 inprimis
506 1825 538 1886 et
559 1821 672 1886 utilem
699 1843 768 1885 esse
795 1821 973 1907 fateantur,
999 1822 1104 1888 iidem

144 1914 266 1994 tamen,
285 1931 358 1974 cum
377 1913 533 1994 occupata
550 1909 634 1974 bello
654 1910 761 1994 aliquo
781 1910 893 1974 civitas
912 1914 973 1993 est,
995 1911 1104 1976 latere

145 2020 198 2062 eas
228 1999 320 2083 quasi
342 1999 528 2082 perterritas
551 2002 639 2062 metu
666 2002 699 2063 et
720 1998 806 2061 inter
827 1999 979 2062 tubarum
1000 1999 1104 2064 lituo-

144 2108 278 2171 rumque
311 2088 495 2172 clangorem
522 2086 647 2150 nullum
683 2085 733 2150 sui
769 2087 907 2169 amplius
942 2087 1105 2170 praebere

145 2197 239 2239 usum
258 2175 464 2238 arbitrantur.
501 2173 645 2249 Quorum
662 2174 756 2239 nobis
774 2173 836 2238 hae
849 2175 884 2238 in
902 2177 994 2258 parte
1008 2195 1106 2240 coar-

145 2262 291 2347 guendus
323 2282 411 2325 error
439 2265 502 2344 est,
529 2265 561 2326 et
588 2265 745 2346 quantum
772 2263 823 2325 vel
845 2263 880 2326 in
903 2262 1007 2326 medio
1031 2263 1106 2327 bel-

145 2351 250 2414 lorum
262 2349 404 2414 tumultu
418 2349 543 2414 litterae
557 2349 699 2434 valeant,
718 2350 933 2433 aperiendum.
964 2349 1106 2416 Etenim

145 2438 173 2501 si
195 2437 338 2521 corporis
365 2439 508 2520 tantum,
530 2459 598 2503 non
626 2439 723 2502 etiam
746 2439 845 2502 animi
867 2439 988 2504 viribus
1011 2439 1105 2504 bella

144 2528 345 2610 gererentur,
367 2527 438 2590 tum
460 2526 515 2590 isti
536 2526 675 2590 fortasse
689 2526 809 2608 aliquid
832 2527 986 2610 dicerent3
1008 2548 1106 2592 nunc

145 2614 216 2697 quis
240 2618 298 2699 est,
322 2614 376 2698 qui
400 2635 473 2677 cum
495 2614 575 2678 mihi
598 2618 631 2679 et
652 2615 828 2678 maximum
850 2635 919 2678 esse
946 2614 1105 2680 inbellis

145 2703 279 2767 consilio
302 2723 340 2766 ae
362 2701 551 2786 prudentiae
574 2702 693 2786 locum,
721 2706 753 2766 et
775 2723 829 2767 eas
851 2703 986 2766 virtutes
1009 2703 1106 2768 bona

144 2794 296 2874 exparte
319 2791 498 2855 litterarum
522 2790 627 2855 studio
651 2791 842 2874 comparari,
865 2795 950 2854 certe
968 2791 1105 2874 quidem

144 2879 314 2965 insigniter
346 2879 458 2965 augeri
490 2879 734 2962 confirmarique
771 2879 976 2962 concesserit,
1010 2879 1107 2944 idem

144 2972 254 3034 tamen
276 2990 387 3033 earum
410 2968 577 3032 scientiam
599 2967 634 3031 in
656 2967 741 3032 bello
764 2967 912 3032 inutilem
934 2988 1003 3031 esse
1022 2988 1108 3032 con·

143 3057 277 3121 tendat?
314 3055 369 3121 An
396 3057 583 3142 ignoramus
613 3057 737 3120 celebre
763 3056 844 3120 illud
870 3077 984 3140 regum
1009 3057 1107 3140 regis

145 3142 399 3229 Agamemnonis
426 3149 552 3230 votum,
584 3145 638 3228 qui
665 3147 703 3208 ut
729 3143 827 3208 Troia
857 3143 983 3208 facilius
1013 3145 1110 3226 poti-

144 3235 246 3316 retur,
267 3254 336 3298 non
358 3231 494 3296 Achillis
517 3237 574 3298 aut
595 3231 717 3316 Aiacis,
741 3232 797 3296 sed
818 3231 965 3297 Nestoris
988 3231 1109 3297 decem

145 3321 264 3386 similes
287 3319 423 3404 optabat
445 3320 528 3384 sibi?
563 3319 676 3404 Neque
699 3321 853 3404 temporis
872 3320 966 3384 nobis
989 3319 1030 3383 ad
1052 3321 1109 3384 vi-

144 3408 284 3474 vendum
307 3430 327 3472 a
349 3411 466 3472 natura
488 3409 678 3493 praescripti
701 3430 739 3472 ea
761 3409 931 3494 longitudo
955 3411 1015 3491 est,
1043 3430 1108 3474 ne-

145 3517 206 3580 que
224 3497 272 3560 ita
293 3495 358 3560 fert
379 3495 594 3561 humanarum
612 3518 720 3561 rerum
737 3497 835 3580 ratio,
857 3499 894 3560 ut
916 3496 1026 3561 multis
1045 3497 1109 3562 ad-
