2360 3944
403 194 540 249 ORATIO
560 195 606 250 lv.
776 199 779 202 ’
939 197 982 258 43

47 341 136 421 quieto
160 361 196 403 ao
220 343 372 405 contento
401 340 467 403 suis
495 341 617 422 animo,
644 341 817 406 maximam
845 341 982 424 gloriam

47 430 72 489 in
90 450 151 492 non
174 429 344 492 ambienda
367 428 471 512 gloria
497 433 632 511 ponunt.
674 427 759 492 Satis
786 430 982 494 honoratum

47 519 144 598 putant
167 539 250 600 esse,
274 517 329 600 qui
351 517 474 580 honore
498 517 615 600 dignus
640 517 697 599 sit,
725 517 803 580 satis
827 539 982 601 magnum

46 625 149 688 regem,
172 606 227 688 qui
251 628 283 668 se
307 606 412 688 ipsum
434 625 558 688 regere,
586 606 663 669 satis
691 609 856 687 potentem
883 608 980 688 impe-

46 701 167 756 ratorem
190 694 246 776 qui
269 693 497 776 cupiditatibus
521 695 586 758 suis
609 695 766 776 imperare
788 694 903 776 possit:
927 695 982 776 qui

46 803 106 844 vero
128 783 171 844 eis
198 783 295 864 plane
323 782 451 845 domitis
475 804 511 846 ac
536 783 676 846 subactis
699 782 812 865 iugum
838 782 982 865 rationis

47 869 115 952 quod
140 870 214 932 illae
243 891 284 934 ne
313 875 470 934 conentur
502 871 628 954 quidem
656 891 799 952 unquam
827 873 982 952 excutere,

46 959 230 1040 inposuerit,
257 957 297 1020 ab
326 979 363 1022 eo
393 981 503 1022 omnes
532 956 669 1022 aliorum
697 958 847 1022 victorias
871 959 981 1021 trium-

47 1046 171 1128 phosque
201 1051 378 1129 superatos.
420 1046 511 1122 Quod
539 1048 566 1110 si
593 1047 771 1130 libidinem,
805 1047 982 1128 avaritiam,

46 1135 238 1204 ambitionem
260 1139 366 1218 pestes
390 1136 544 1218 quasdam
563 1156 600 1199 ac
622 1136 723 1199 furias
737 1157 806 1198 esse
825 1135 982 1214 novimus

47 1245 112 1304 quae
133 1223 282 1286 funditus
304 1223 480 1288 humanam
494 1224 593 1286 vitam
613 1224 818 1306 conturbent,
842 1227 981 1306 quantus

47 1311 133 1375 honos
159 1312 327 1376 habendus
356 1317 405 1375 est
433 1311 667 1396 philosophiae,
701 1334 781 1394 quae
810 1334 843 1375 se
871 1334 981 1376 omnes

47 1421 140 1464 earum
161 1405 297 1464 conatus
315 1401 527 1483 repulsuram,
551 1422 661 1464 omnes
683 1400 843 1483 igniculos
861 1421 982 1482 repres-

48 1510 149 1573 suram,
172 1490 282 1553 onmia
305 1489 429 1552 semina
451 1490 614 1572 elisuram,
637 1510 704 1552 non
724 1487 982 1571 magnificentius

50 1599 130 1658 quarn
151 1578 258 1640 verius
281 1578 471 1660 pollicetur?

101 1665 213 1728 Videre
236 1688 294 1729 vos
314 1667 440 1749 opinor,
464 1688 560 1748 quam
579 1687 612 1728 se
630 1665 715 1728 latus
735 1665 874 1730 orationi
893 1686 982 1728 meae

50 1773 161 1836 campus
185 1755 349 1838 ostendat,
373 1755 413 1838 si,
441 1775 648 1836 quaecunque
671 1754 733 1817 hoc
756 1754 826 1818 loco
851 1775 884 1816 se
908 1755 982 1816 1111-

49 1845 122 1924 111111,
141 1843 290 1926 persequi
313 1848 345 1906 et
367 1844 402 1906 in
425 1843 560 1926 singulis
582 1842 729 1906 insistere
753 1845 848 1924 atque
871 1842 983 1905 immo-

50 1931 101 1991 rari
119 1933 221 1995 velim.
258 1930 344 1994 Nam
367 1953 440 1994 cum
453 1931 554 1996 virtus
577 1931 667 2012 milla
690 1930 743 2010 sit,
768 1930 807 1992 de
831 1951 894 2011 qua
916 1951 983 1994 non

51 2018 193 2098 splendide
208 2023 243 2082 et
268 2024 380 2083 ornate
404 2019 520 2100 dicere,
542 2019 667 2082 nullum
690 2018 817 2099 vitium,
840 2018 876 2080 in
897 2017 984 2098 quod

50 2126 106 2167 non
128 2108 267 2190 graviter
290 2111 323 2170 et
351 2107 477 2190 copiose
500 2107 609 2170 invehi
631 2107 739 2170 liceat:
768 2104 922 2188 quidquid
945 2105 983 2168 de

50 2215 141 2258 eorum
162 2195 319 2260 utrolibet
342 2196 404 2260 dici
426 2199 546 2278 potest,
573 2195 659 2258 idem
682 2193 722 2258 ad
745 2192 984 2276 philosophiam

49 2281 225 2348 laudandam
243 2284 477 2348 accommodari
496 2287 614 2367 potest,
634 2305 730 2366 quam
748 2282 876 2346 virtutis
894 2281 983 2345 inda-

49 2372 198 2455 gatricem,
222 2373 375 2437 vitiorum
399 2372 605 2456 expultricem
628 2371 818 2435 Latinorum
841 2371 983 2436 omnium

8 2511 9 2514 ,
49 2459 312 2542 eloquentissimus
339 2483 412 2525 vere
445 2482 481 2524 ac
512 2461 626 2524 merito
659 2456 885 2543 nominavit*).
923 2456 984 2521 Sed

8 2615 9 2618 Ἴ
48 2567 101 2610 non
126 2551 339 2632 committam,
366 2553 403 2612 ut
431 2549 579 2632 cuiquam
605 2549 714 2612 videar
740 2547 901 2610 transilire
930 2568 983 2611 eos

8 2655 10 2664 ·
48 2638 198 2721 terminos,
228 2659 309 2722 quos
337 2639 429 2702 initio
453 2637 575 2720 pepigi,
602 2637 772 2720 potiusque
795 2635 984 2718 reprehendi

8 2759 9 2764 κ
48 2743 87 2786 me
113 2728 229 2809 patiar,
263 2727 348 2809 quod
379 2727 480 2790 multa
461 2747 606 2808 a,quae
633 2725 736 2788 fusius
764 2725 921 2806 explicare
949 2724 985 2787 li-

8 2813 148 2877 1111111
152 2815 433 2898 ,compresserirn
460 2835 497 2876 ac
525 2814 748 2894 coartaverim,
776 2833 873 2895 quam
901 2812 985 2894 quod

8 2859 55 2982 l
48 2919 74 2960 1n
93 2903 153 2964 ulla
175 2925 210 2966 re
235 2904 316 2966 dilat
302 2903 401 2965 tanda
424 2905 551 2966 evectus
576 2901 637 2964 sim
659 2901 789 3002 longius
813 2901 908 2982 iusto,
931 2921 986 2961 ne·

49 3007 98 3067 que
127 2994 175 3054 sat
175 2991 202 3054 11
161 2991 363 3054 tmihit
349 2995 527 3073 temperare
565 2991 733 3072 potuerim.
778 2986 875 3050 Nune
906 2987 986 3050 illud

48 3076 113 3140 mihi
133 3079 230 3142 etiam
254 3083 350 3162 atque
374 3080 470 3142 etiam
493 3078 705 3142 considerabat:
729 3078 906 3139 ceterarum
921 3096 986 3138 om-

49 3163 123 3228 nium
153 3169 272 3230 artium
303 3167 397 3249 fines,
429 3188 532 3250 neque
566 3188 620 3230 eos
652 3165 762 3247 modo,
795 3164 850 3228 sed
878 3165 987 3228 omnia

49 3271 177 3338 prorsuS,
200 3277 283 3338 quae
307 3255 394 3318 bona
411 3258 567 3338 putantur
586 3255 621 3316 in
641 3253 721 3334 vita,
744 3253 808 3315 nisi
831 3252 901 3335 quis
916 3252 986 3352 phi-

48 3335 211 3425 losophiam
234 3344 282 3408 vit
281 3365 322 3406 ae
346 3343 459 3406 duceni
481 3343 613 3425 habeat,
640 3346 723 3424 pesti
699 3304 793 3404 111111
817 3362 854 3405 ae
880 3342 986 3424 perni-

92 3534 115 3600 *)
133 3532 184 3587 Cic.
205 3534 288 3588 Tusa.
307 3533 341 3586 V.
361 3539 385 3586 2.
406 3540 429 3586 5.
