2330 3944
381 216 517 272 ORATIO
536 217 584 270 IX.
918 217 961 280 97

19 363 47 424 de
74 361 240 445 republica
273 365 329 426 aut
358 358 521 426 Ciceronis
554 361 778 445 philosophica
806 363 962 446 interpre-

19 449 75 513 tor?
116 449 207 514 Vera
245 453 279 513 et
311 451 415 515 solida
447 451 631 534 eloquentia
662 473 730 516 non
766 455 896 516 tantum
926 453 963 516 in

20 539 103 602 verbis
129 539 242 622 posita
272 542 333 622 est,
367 539 422 602 sed
450 539 485 602 in
511 539 616 603 rebus.
658 538 825 604 Praeclare
853 543 963 605 autem

21 624 206 712 Horatius*):

72 783 216 838 Scrtteadi
234 788 304 854 recte
321 799 415 852 rapere
433 789 472 839 eet
489 789 515 838 et
527 785 701 854 principium
719 789 745 838 et
762 785 832 849 fone.

72 854 135 909 Rem
156 855 210 908 tibi
228 853 387 910 Socraticae
400 858 533 924 poterunt
550 857 687 911 ostendere
705 856 828 922 chartac,

77 925 218 996 Verbaque
231 927 392 995 praevisam
410 942 466 981 rem
483 943 541 982 noa
558 929 649 982 invito
666 932 821 996 sequentur.

21 1069 67 1133 Sed
94 1074 130 1135 ut
163 1071 261 1137 Ixion
292 1071 327 1136 in
360 1071 479 1136 fabulis
507 1093 566 1155 pro
594 1071 718 1136 Iunone
751 1072 884 1154 nubem,
916 1071 964 1136 ita

22 1158 95 1222 hodie
116 1181 241 1245 magna
264 1182 340 1245 pars
363 1160 531 1225 hominum
554 1182 613 1244 pro
637 1161 821 1243 eloquentia
844 1160 964 1243 ample·

22 1248 98 1311 et'tur
128 1249 265 1312 inanem
301 1249 539 1332 loquacitatem.
584 1247 692 1332 Atque
724 1248 787 1313 hoe
824 1249 964 1312 deterius

24 1339 169 1420 eritrea,
192 1336 280 1420 quod
303 1338 358 1420 qui
382 1338 508 1402 omissis
531 1337 627 1402 rebus
650 1337 750 1401 verba
772 1341 900 1420 curant,
923 1357 965 1401 ne

22 1424 100 1488 rerba
130 1426 263 1509 quidem
295 1426 374 1490 satis
406 1430 534 1508 curant,
569 1429 707 1508 suntque
739 1426 775 1488 in
805 1425 861 1488 illo
893 1424 965 1508 ipso

25 1533 67 1577 suo
91 1515 207 1598 puerili
236 1535 273 1579 ao
301 1514 425 1580 ludicro
449 1515 556 1580 studio
583 1514 794 1599 negligentes.
832 1511 914 1598 Voe,
938 1513 967 1578 si

25 1623 61 1664 me
88 1603 219 1686 auditis,
251 1606 423 1688 utrumque
452 1606 561 1667 curate
589 1605 622 1665 et
649 1602 723 1666 date
752 1624 896 1686 operam,
929 1605 967 1666 ut

27 1690 85 1753 olim
110 1692 214 1756 oratio
243 1696 351 1756 vestra
379 1695 412 1755 et
439 1692 533 1775 copia
560 1713 668 1755 rerum
699 1689 899 1777 madeat**),
933 1694 966 1754 et

27 1777 101 1842 bonis
122 1801 160 1844 ao
183 1781 275 1845 lectis
299 1780 405 1845 verbis
428 1783 614 1845 constructa
633 1780 683 1844 sit.
719 1779 772 1844 Ad
794 1783 966 1864 utrumque

28 1867 101 1931 vobis
130 1875 263 1953 o'peram
295 1891 400 1934 meam
437 1869 591 1953 profiteor
623 1872 668 1953 et,
704 1869 807 1953 magis
839 1873 877 1932 ut
908 1889 966 1932 vos

30 1956 153 2040 excitem,
178 1979 276 2042 quam
298 1962 335 2022 ut
358 1979 411 2022 me
433 1959 599 2042 extollam,
621 1958 687 2021 iarn
707 1977 793 2021 nunc
816 1955 966 2040 praedico

29 2064 61 2104 ce
79 2067 276 2129 praemoneo,
298 2047 363 2111 nisi
387 2046 429 2110 ad
452 2047 594 2130 aliquam
616 2046 652 2109 in
673 2045 736 2109 hoc
759 2064 876 2129 genere
899 2044 969 2107 lau-

31 2130 91 2194 dem
110 2135 317 2218 perveniatis,
349 2134 501 2199 daturum
529 2156 580 2200 me
613 2155 758 2219 operam,
790 2135 827 2196 ut
855 2153 968 2197 omnes

30 2217 155 2288 homines
192 2224 392 2309 intelligant,
430 2223 555 2307 quidvis
592 2223 700 2306 potius
733 2221 825 2286 vobis
861 2243 969 2306 quam,

32 2329 77 2459 pes
101 2312 183 2396 rivo,
217 2312 418 2378 hortatorem
450 2333 487 2377 ao
520 2312 633 2377 ducem
670 2310 711 2376 ad
749 2310 968 2395 eloquentiam

48 2417 157 2464 emese.

62 2591 97 2729 *ii
111 2592 370 2720 liceliieoilgoriilidi
379 2663 478 2732 forma,
493 2678 549 2718 non
559 2661 697 2717 imitanda
705 2661 735 2717 in
745 2677 836 2732 prosa.
856 2659 969 2715 Ruhnk.
