2326 3942
370 241 506 298 ORATIO
525 243 599 298 XIX.
902 245 963 310 191

22 385 52 447 de
75 385 274 450 institutione
302 383 390 470 (tyri,
419 387 534 471 quibus
563 387 646 452 nihil
671 388 783 472 purius
810 394 868 455 aut
894 412 965 456 sua-

20 473 78 536 rius
108 474 240 557 reperiri
271 478 392 558 potest,
424 477 653 559 pomeridianis
683 481 790 542 autem
818 477 964 544 Caesaris

20 562 209 643 potissimum
232 565 478 629 commentarios
505 565 606 649 legat,
634 566 689 652 qui
716 566 797 630 mihi
819 589 902 632 unus
926 589 965 632 ex

20 651 154 714 omnibus
177 650 302 716 Latinis
325 652 366 715 ad
388 653 477 716 illam
498 653 726 718 nitidissimam
739 653 964 738 Xenophontis

21 738 244 820 simplicitatem
265 740 410 823 proxime
427 741 553 808 videtur
575 743 732 808 accedere.
768 741 964 808 Undecimus

20 819 112 890 annus*
129 828 304 892 comoediis
332 829 437 913 detur,
465 830 511 893 ita
537 833 660 914 tamen,
689 835 726 896 ut
748 853 787 896 ex
814 831 964 897 Terentio

20 914 182 1001 Plautoque
206 920 238 981 et
260 918 362 982 multo
381 919 484 1002 magis
504 940 542 982 ex
555 917 787 1004 Aristophane,
810 921 964 1004 quidquid

19 1003 965 1182 111111311131131111111131

20 1183 99 1245 semel
121 1203 143 1245 a
165 1202 217 1246 me
248 1182 367 1246 dictum
391 1183 492 1266 accipi
514 1185 595 1248 volo.
641 1183 838 1250 Duodecimn
861 1185 964 1250 Theo-

20 1269 86 1351 criti,
107 1269 251 1353 Moschi,
271 1269 386 1349 Bionis
409 1271 525 1355 IdyHia
547 1294 620 1336 cum
643 1272 773 1358 Virgilii
796 1272 964 1357 Bucolicis,

19 1353 164 1422 Hesiodus
197 1380 270 1422 cum
302 1357 482 1444 Georgicis,
514 1382 587 1424 curn
618 1360 760 1425 Aeneide
792 1365 963 1446 utrumque

19 1443 136 1510 Homeri
163 1451 279 1530 potima
302 1449 476 1531 copuletur.
521 1447 635 1533 Neque
662 1449 722 1514 hos
749 1449 849 1514 libros
876 1453 964 1514 totos

20 1536 305 1619 apraeceptoribus
328 1538 446 1621 exponi
467 1537 607 1602 arbitror
629 1537 752 1602 debere.
788 1535 870 1603 (lum
892 1541 964 1602 tan-

17 1623 72 1684 tum
99 1624 253 1708 cuiusque
280 1647 300 1688 a
326 1628 532 1709 praeceptore
559 1626 709 1710 audierit,
738 1629 775 1690 ut
803 1626 871 1690 sine
895 1648 963 1692 cor·

17 1710 78 1794 tice,
109 1713 196 1797 quod
223 1713 327 1796 aiunt,
359 1735 435 1778 nare
467 1715 583 1798 possit,
616 1715 701 1800 quod
727 1715 886 1800 reliquum
910 1719 966 1780 est

18 1819 63 1862 suo
89 1801 158 1884 ipse
180 1802 307 1885 privato
336 1803 442 1867 studio
471 1808 690 1888 persequatur.
735 1803 819 1868 Huic
841 1804 888 1868 rei
915 1805 962 1868 bi-

18 1889 132 1953 ennium
148 1889 356 1955 suffecturum
379 1894 481 1974 puto.v
499 1891 583 1956 IHud
607 1891 730 1956 interea
752 1892 793 1956 ad
815 1892 964 1977 magistri

19 1996 110 2042 curam
133 1982 167 2042 et
190 1979 438 2044 sollicitudinem
461 1979 613 2064 pertinet,
642 1985 680 2045 ut
700 2001 780 2063 puer
801 1980 962 2064 loquendo

19 2066 129 2147 quidem
162 2067 319 2152 quotidie,
352 2069 520 2133 scribendo
551 2073 659 2133 autem
689 2068 820 2132 alternis
849 2069 963 2134 saltem

19 2152 113 2220 diebus
135 2160 328 2222 exerceatur.
373 2156 414 2220 In
435 2157 507 2240 ipso
530 2157 709 2239 pubertatis
732 2157 880 2242 ingressu
898 2157 963 2241 pri·

19 2261 91 2306 num
112 2245 266 2309 exercebo
289 2266 363 2309 eum
384 2245 420 2309 in
443 2245 502 2328 eis,
526 2268 606 2329 quae
621 2245 734 2310 Graeci
751 2249 868 2310 vocant
889 2268 963 2329 pro-

20 2337 237 2416 gymnasmata,
269 2333 303 2398 id
335 2336 398 2416 est,
428 2334 593 2416 praeludia
624 2335 716 2419 quari
748 2335 903 2419 quaedam
930 2338 964 2399 et

19 2421 242 2497 praecursiones
284 2421 325 2486 ad
365 2421 595 2506 eloquentiam,
637 2423 675 2486 de
718 2423 833 2508 quibus
874 2427 965 2487 extat

19 2510 147 2573 aureolus
178 2509 309 2575 libeHus
336 2509 477 2574 Theonis
508 2508 691 2595 Sophistae,
724 2511 793 2596 qui,
825 2511 853 2576 si
885 2511 963 2596 quid

19 2614 66 2677 ego
89 2598 279 2662 auctoritate
306 2619 450 2682 possem,
481 2600 656 2683 quotannis
684 2603 896 2683 exponeretur
926 2599 962 2662 in

20 2683 131 2770 scholis,
159 2690 193 2750 et
219 2686 262 2750 ad
287 2689 472 2771 praecepta,
505 2709 586 2772 quac
613 2687 679 2752 illic
705 2688 888 2770 traduntur,
914 2687 962 2750 iu·

20 2789 97 2836 rencs
125 2779 284 2858 perpetuo
316 2778 545 2840 exercerentur.
601 2773 664 2840 Sed
699 2779 732 2841 et
766 2777 827 2841 hoc
860 2795 961 2860 genus

20 2861 237 2928 exercitationis
252 2867 286 2928 et
299 2864 404 2930 omnis
426 2864 659 2948 propemodum
672 2868 759 2929 recta
775 2868 807 2929 et
829 2863 965 2947 antiqua

19 2943 215 3015 instituendae
237 2952 413 3018 iuventutis
436 2952 518 3016 ratio
538 2974 606 3018 non
628 2956 755 3017 tantum
777 2952 965 3016 intermissa

17 3031 70 3098 ian
97 3039 233 3124 pridem,
266 3041 323 3106 sed
350 3040 510 3106 oblivione
539 3041 654 3107 obruta
686 3063 723 3104 ac
751 3041 876 3123 sepulta
902 3043 961 3106 est.

21 3119 92 3195 Quae
122 3129 150 3192 si
181 3133 399 3213 revocaretur,
430 3129 541 3212 paucis
573 3131 667 3194 annis
699 3128 873 3193 existerent
903 3127 962 3194 ho·

19 3211 189 3281 minesrere
213 3218 336 3302 copiosi
358 3221 391 3282 et
413 3218 613 3302 eloquentes3
635 3218 692 3283 isti
714 3221 822 3282 autem
845 3217 960 3283 clama-

20 3301 101 3385 tores,
127 3305 183 3389 qui
204 3326 324 3372 nomen
347 3307 553 3390 eloquentum
575 3306 818 3391 gesticulatione
845 3311 963 3390 panto-

21 3387 129 3456 mimica
155 3398 187 3458 et
213 3395 414 3460 volubilitate
445 3394 575 3479 linguae
603 3399 636 3458 et
666 3395 865 3479 impudentia
897 3395 958 3458 sibi

21 3486 204 3568 Ptpcrerunt,
226 3484 274 3547 ita
295 3484 449 3565 iacerent,
472 3486 509 3546 ut
523 3505 577 3547 eos
592 3483 702 3547 audire
722 3504 817 3547 nemo
840 3485 957 3564 posset.

21 3558 61 3626 lle
83 3567 176 3654 igitur
202 3573 394 3640 exercitatus
416 3571 601 3636 adolescens
627 3575 733 3637 totum
756 3592 789 3635 se
813 3567 960 3634 Ciceroni
