2328 3956
178 205 221 270 84
510 203 690 258 EPISTULA
708 203 805 258 LXIV.

178 351 242 414 rias
265 350 333 434 ipse
355 353 466 414 tamen
489 353 586 434 atque
610 350 772 435 excogites
788 348 916 432 aliquid,
940 346 1024 432 quod
1044 367 1112 410 com·

180 439 385 504 mendatione
408 459 481 502 mea
504 438 660 504 adductus
685 460 795 503 eorum
820 459 933 502 caussa
955 436 1062 501 fecisse
1081 438 1115 499 xi-

180 529 293 592 dearis.
338 527 411 612 Ego
434 529 481 612 te,
504 526 628 604 Ouiaci,
656 527 770 591 eximie
794 549 867 592 amo
900 529 947 610 ct,
979 528 1115 610 quantum

179 617 215 680 in
237 638 288 681 me
312 621 370 699 est,
394 616 496 681 excito
518 617 636 681 horum
648 617 818 681 hominum
841 615 974 700 ingenia
988 613 1027 678 ad
1048 614 1115 678 evol-

181 705 301 770 vendos
328 705 429 770 libros
456 709 532 770 tuos
560 708 593 768 et
620 704 661 768 ad
689 705 947 790 cognoscendam
973 701 1117 767 doctrinae

181 797 256 858 tuae
279 794 522 878 praestantiam.
563 793 608 857 Te
632 815 759 878 quoque
783 815 921 878 aequum
945 795 995 856 est
1017 789 1118 875 aliquid

181 904 254 946 mea
277 904 391 948 caussa
413 883 526 947 facere.
576 881 681 947 Maius
709 885 817 947 autem
843 882 950 946 facere
978 880 1057 945 nihil
1076 901 1119 961 po-

181 975 244 1050 tes,
273 993 369 1055 quam
398 971 426 1036 si
452 972 504 1036 his
531 971 656 1037 duobus
689 971 946 1036 adolescentibus
981 968 1120 1050 ostendas,

183 1081 288 1124 ineam
326 1061 639 1126 commendationem
676 1060 796 1144 aliquid
834 1059 918 1143 apud
956 1061 990 1124 tc
1025 1058 1120 1122 valere.

183 1147 274 1214 Vale.
297 1149 432 1214 Romae.
455 1167 513 1216 vn.
535 1149 671 1215 Kalend.
693 1149 786 1214 Febr.
809 1165 978 1214 unnxx1x.

583 1293 742 1302 -κ--ι-

604 1377 719 1444 LXIV.

380 1505 429 1581 Μ.
456 1505 699 1579 ANTONIUS
727 1503 953 1580 MURETUS

465 1625 586 1681 PAULO
606 1623 772 1680 SACRATO
792 1623 861 1680 SUO

634 1731 655 1774 S.
669 1734 697 1774 D.

255 1823 352 1889 Tanti
381 1823 443 1888 fuit
472 1826 620 1908 torquere
649 1827 682 1888 te
713 1824 836 1909 aliquot
866 1823 934 1889 dies
963 1822 1125 1889 litterarum

189 1936 333 1978 mearum
356 1911 608 1997 exspectatione,
630 1915 668 1976 ut
685 1915 758 1978 tuas
782 1912 959 1996 acciperem
986 1912 1126 1977 concitato

190 2026 227 2068 ac
254 2024 353 2087 prope
381 2003 464 2068 irato
493 2001 601 2066 animo
629 1999 773 2084 scriptas.
818 1998 866 2066 Ut
888 2001 974 2065 enim
1001 2000 1127 2065 dulcibus

190 2093 269 2157 cibis
294 2092 467 2156 admistum
491 2089 611 2175 aliquid
634 2111 706 2154 acre
730 2089 880 2168 delectat,
903 2089 950 2154 ita
971 2090 1067 2172 mihi,
1087 2089 1127 2173 qui

190 2203 356 2266 nunquam
383 2181 553 2264 quicquam
581 2201 601 2242 a
626 2181 659 2242 te
681 2178 746 2242 nisi
768 2179 917 2244 melleum
941 2179 1128 2264 accepissem,

191 2269 457 2334 iucundissimum
475 2269 545 2352 fuit,
564 2271 596 2332 te
611 2267 790 2332 subiratum
803 2267 935 2332 intueri:
954 2267 1128 2355 praesertin

191 2381 264 2422 cum
287 2358 322 2422 in
344 2379 382 2423 eo
405 2357 475 2440 ipso
498 2357 565 2422 irae
588 2357 692 2422 calore
716 2357 865 2422 omuibus
888 2377 926 2420 ex
944 2357 1088 2441 partibus
1105 2376 1129 2418 se

193 2469 283 2511 amor
305 2467 382 2531 erga
404 2469 455 2510 me
473 2451 548 2513 tuus
571 2445 728 2530 proderet
765 2443 827 2510 Sed
849 2443 924 2510 scin'
945 2449 992 2530 tu,
1017 2443 1129 2512 Sacrate

192 2535 237 2599 mi
267 2535 387 2618 optime
417 2539 450 2600 et
475 2537 510 2600 in
536 2536 611 2619 ipsa
637 2535 734 2599 etiam
760 2533 809 2598 ira
837 2534 1040 2619 suavissime,
1069 2531 1130 2619 quid

192 2628 224 2689 te
260 2645 347 2688 nunc
378 2624 481 2690 facere
514 2623 663 2707 cupiam?
717 2622 879 2688 Confirma
910 2625 1057 2709 exemplo
1086 2627 1130 2687 tuo

194 2718 284 2780 vetus
306 2713 385 2777 illud
409 2714 541 2778 dictum:

315 2802 502 2868 Amantium
523 2803 590 2866 irco
611 2801 728 2866 ommis
750 2801 912 2884 lampetio
934 2800 1028 2889 aelst)

193 2892 383 2976 praesertim
415 2913 487 2956 cum
518 2890 553 2954 in
585 2889 719 2954 summis
749 2890 1013 2973 occupationibus
1044 2891 1130 2955 adle

195 2983 342 3046 scribam.
378 2978 454 3046 Non
476 2981 555 3064 puto
578 2977 724 3061 pluribus
747 2978 828 3044 mihi
849 2979 954 3044 verbis
978 3001 1058 3063 opus
1076 2997 1131 3042 esse

195 3072 236 3134 cd
261 3075 294 3134 te
321 3070 513 3154 placandum
541 3089 578 3132 ac
604 3067 797 3132 leniendum.
840 3066 912 3133 Hoc
938 3071 1066 3134 tantum
1088 3088 1132 3130 oro

196 3179 385 3243 quaesoque,
407 3162 444 3223 ut
466 3156 590 3243 quidvis
617 3155 725 3240 potius
749 3156 920 3240 existimes,
942 3179 1037 3242 quam
1060 3156 1132 3240 quic·

196 3269 294 3332 quam
312 3267 351 3310 ex
368 3267 441 3309 mea
458 3247 494 3310 in
511 3251 544 3310 te
563 3267 630 3310 non
648 3246 814 3310 voluntate
828 3249 964 3329 tantum,
983 3247 1037 3311 sed
1049 3247 1132 3330 plane

197 3333 401 3399 observantia
431 3333 555 3398 detrahi
584 3356 688 3417 posse.
739 3333 835 3398 Omni
863 3334 925 3400 hoc
954 3335 1014 3400 tibi
1043 3355 1132 3400 sacra·

198 3422 298 3486 menti
325 3441 454 3505 genere,
482 3421 527 3484 mi
551 3420 693 3506 Sacrate,
720 3424 884 3490 confirmo.
933 3422 1017 3500 Quid
1040 3424 1133 3489 tibia

272 3561 291 3630 ¹)
310 3559 421 3616 Terent.
441 3557 527 3612 Andr.
546 3559 592 3614 ΠΙ.
613 3565 636 3614 3.
657 3567 699 3615 23.
