<?xml version="1.0" encoding="UTF-8"?>
<!DOCTYPE html PUBLIC "-//W3C//DTD XHTML 1.0 Transitional//EN"
    "http://www.w3.org/TR/xhtml1/DTD/xhtml1-transitional.dtd">
<html xmlns="http://www.w3.org/1999/xhtml" xml:lang="en" lang="en">
 <head>
  <title>
</title>
<meta http-equiv="Content-Type" content="text/html;charset=utf-8" />
  <meta name='ocr-system' content='tesseract 3.04.00' />
  <meta name='ocr-capabilities' content='ocr_page ocr_carea ocr_par ocr_line ocrx_word'/>
</head>
<body>
  <div class='ocr_page' id='page_1' title='image "./mantoniimuretis00freygoog_0277.png"; bbox 0 0 2328 3956; ppageno 0'>
   <div class='ocr_carea' id='block_1_1' title="bbox 211 221 832 294">
    <p class='ocr_par' dir='ltr' id='par_1_1' title="bbox 211 221 832 294">
     <span class='ocr_line' id='line_1_1' title="bbox 211 221 832 294; baseline -0.006 -13"><span class='ocrx_word' id='word_1_1' title='bbox 211 229 254 294; x_wconf 79' lang='lat'><strong>38</strong></span> <span class='ocrx_word' id='word_1_2' title='bbox 547 221 726 280; x_wconf 80' lang='lat' dir='ltr'><strong>errarem</strong></span> <span class='ocrx_word' id='word_1_3' title='bbox 743 221 832 278; x_wconf 81' lang='lat' dir='ltr'><strong>xxv.</strong></span> 
     </span>
    </p>
   </div>
   <div class='ocr_carea' id='block_1_2' title="bbox 211 364 1153 2469">
    <p class='ocr_par' dir='ltr' id='par_1_2' title="bbox 211 364 1153 2469">
     <span class='ocr_line' id='line_1_2' title="bbox 212 364 1147 454; baseline -0.009 -16"><span class='ocrx_word' id='word_1_4' title='bbox 212 373 346 454; x_wconf 86' lang='lat' dir='ltr'><strong>debant,</strong></span> <span class='ocrx_word' id='word_1_5' title='bbox 370 369 436 435; x_wconf 85' lang='lat' dir='ltr'><strong>uisi</strong></span> <span class='ocrx_word' id='word_1_6' title='bbox 461 370 519 434; x_wconf 86' lang='lat' dir='ltr'><strong>illa</strong></span> <span class='ocrx_word' id='word_1_7' title='bbox 540 368 700 454; x_wconf 82' lang='lat' dir='ltr'><strong>vulgaria,</strong></span> <span class='ocrx_word' id='word_1_8' title='bbox 723 385 917 434; x_wconf 79' lang='lat' dir='ltr'><strong>oonserveoe</strong></span> <span class='ocrx_word' id='word_1_9' title='bbox 936 368 972 430; x_wconf 85' lang='lat' dir='ltr'><strong>te</strong></span> <span class='ocrx_word' id='word_1_10' title='bbox 995 364 1147 452; x_wconf 78' lang='lat' dir='ltr'><strong>diligenter</strong></span> 
     </span>
     <span class='ocr_line' id='line_1_3' title="bbox 211 455 1147 540; baseline -0.007 -14"><span class='ocrx_word' id='word_1_11' title='bbox 211 460 399 526; x_wconf 82' lang='lat' dir='ltr'><strong>memoriam</strong></span> <span class='ocrx_word' id='word_1_12' title='bbox 421 458 485 523; x_wconf 87' lang='lat' dir='ltr'><strong>mei</strong></span> <span class='ocrx_word' id='word_1_13' title='bbox 508 460 541 522; x_wconf 89' lang='lat' dir='ltr'><strong>et</strong></span> <span class='ocrx_word' id='word_1_14' title='bbox 564 458 758 540; x_wconf 82' lang='lat' dir='ltr'><strong>scripturum</strong></span> <span class='ocrx_word' id='word_1_15' title='bbox 780 455 821 521; x_wconf 85' lang='lat' dir='ltr'><strong>ed</strong></span> <span class='ocrx_word' id='word_1_16' title='bbox 843 475 909 539; x_wconf 82' lang='lat' dir='ltr'><strong>me,</strong></span> <span class='ocrx_word' id='word_1_17' title='bbox 931 471 1006 520; x_wconf 84' lang='lat' dir='ltr'><strong>eum</strong></span> <span class='ocrx_word' id='word_1_18' title='bbox 1029 473 1147 519; x_wconf 85' lang='lat' dir='ltr'><strong>eommo-</strong></span> 
     </span>
     <span class='ocr_line' id='line_1_4' title="bbox 212 543 1149 631; baseline -0.009 -17"><span class='ocrx_word' id='word_1_19' title='bbox 212 549 289 614; x_wconf 81' lang='lat' dir='ltr'><strong>dum</strong></span> <span class='ocrx_word' id='word_1_20' title='bbox 315 550 413 630; x_wconf 81' lang='lat' dir='ltr'><strong>esset3</strong></span> <span class='ocrx_word' id='word_1_21' title='bbox 444 549 566 631; x_wconf 74' lang='lat' dir='ltr'><strong>petam,</strong></span> <span class='ocrx_word' id='word_1_22' title='bbox 591 549 632 609; x_wconf 84' lang='lat' dir='ltr'><strong>ut</strong></span> <span class='ocrx_word' id='word_1_23' title='bbox 658 565 718 630; x_wconf 77' lang='lat' dir='ltr'><strong>ega</strong></span> <span class='ocrx_word' id='word_1_24' title='bbox 746 565 873 629; x_wconf 82' lang='lat' dir='ltr'><strong>quoque</strong></span> <span class='ocrx_word' id='word_1_25' title='bbox 898 543 986 608; x_wconf 86' lang='lat' dir='ltr'><strong>idem</strong></span> <span class='ocrx_word' id='word_1_26' title='bbox 1016 543 1149 607; x_wconf 67' lang='lat' dir='ltr'><strong>hostem</strong></span> 
     </span>
     <span class='ocr_line' id='line_1_5' title="bbox 211 631 1149 716; baseline -0.009 -13"><span class='ocrx_word' id='word_1_27' title='bbox 211 636 465 702; x_wconf 61' lang='lat' dir='ltr'><strong>invaletudinem</strong></span> <span class='ocrx_word' id='word_1_28' title='bbox 485 637 578 700; x_wconf 87' lang='lat' dir='ltr'><strong>tuam</strong></span> <span class='ocrx_word' id='word_1_29' title='bbox 600 636 657 699; x_wconf 83' lang='lat' dir='ltr'><strong>aut</strong></span> <span class='ocrx_word' id='word_1_30' title='bbox 679 633 829 698; x_wconf 78' lang='lat' dir='ltr'><strong>uelabant</strong></span> <span class='ocrx_word' id='word_1_31' title='bbox 850 653 901 697; x_wconf 88' lang='lat' dir='ltr'><strong>me</strong></span> <span class='ocrx_word' id='word_1_32' title='bbox 923 635 983 696; x_wconf 88' lang='lat' dir='ltr'><strong>aut</strong></span> <span class='ocrx_word' id='word_1_33' title='bbox 1005 631 1069 716; x_wconf 79' lang='lat' dir='ltr'><strong>ipsi</strong></span> <span class='ocrx_word' id='word_1_34' title='bbox 1087 651 1149 715; x_wconf 84' lang='lat' dir='ltr'><strong>quo·</strong></span> 
     </span>
     <span class='ocr_line' id='line_1_6' title="bbox 212 719 1150 810; baseline -0.001 -19"><span class='ocrx_word' id='word_1_35' title='bbox 212 747 274 810; x_wconf 86' lang='lat' dir='ltr'><strong>que</strong></span> <span class='ocrx_word' id='word_1_36' title='bbox 301 723 498 790; x_wconf 60' lang='lat' dir='ltr'><strong>assuebant</strong></span> <span class='ocrx_word' id='word_1_37' title='bbox 543 721 628 788; x_wconf 85' lang='lat' dir='ltr'><strong>Utut</strong></span> <span class='ocrx_word' id='word_1_38' title='bbox 654 725 717 806; x_wconf 87' lang='lat' dir='ltr'><strong>ast,</strong></span> <span class='ocrx_word' id='word_1_39' title='bbox 741 721 945 787; x_wconf 84' lang='lat' dir='ltr'><strong>aonvaluisse</strong></span> <span class='ocrx_word' id='word_1_40' title='bbox 970 723 1008 785; x_wconf 83' lang='lat' dir='ltr'><strong>be</strong></span> <span class='ocrx_word' id='word_1_41' title='bbox 1033 719 1150 806; x_wconf 64' lang='lat' dir='ltr'><strong>ganda.</strong></span> 
     </span>
     <span class='ocr_line' id='line_1_7' title="bbox 212 807 1150 900; baseline -0.006 -21"><span class='ocrx_word' id='word_1_42' title='bbox 212 817 352 900; x_wconf 84' lang='lat' dir='ltr'><strong>petoque</strong></span> <span class='ocrx_word' id='word_1_43' title='bbox 374 835 395 878; x_wconf 87' lang='lat' dir='ltr'><strong>a</strong></span> <span class='ocrx_word' id='word_1_44' title='bbox 415 816 449 876; x_wconf 79' lang='lat' dir='ltr'><strong>te</strong></span> <span class='ocrx_word' id='word_1_45' title='bbox 470 811 618 897; x_wconf 73' lang='lat' dir='ltr'><strong>primum·</strong></span> <span class='ocrx_word' id='word_1_46' title='bbox 633 814 671 876; x_wconf 84' lang='lat' dir='ltr'><strong>ut</strong></span> <span class='ocrx_word' id='word_1_47' title='bbox 692 831 752 894; x_wconf 86' lang='lat' dir='ltr'><strong>pro</strong></span> <span class='ocrx_word' id='word_1_48' title='bbox 766 809 862 875; x_wconf 83' lang='lat' dir='ltr'><strong>solite</strong></span> <span class='ocrx_word' id='word_1_49' title='bbox 884 813 942 874; x_wconf 76' lang='lat' dir='ltr'><strong>tua</strong></span> <span class='ocrx_word' id='word_1_50' title='bbox 962 807 1150 874; x_wconf 76' lang='lat' dir='ltr'><strong>humanitate</strong></span> 
     </span>
     <span class='ocr_line' id='line_1_8' title="bbox 212 896 1150 989; baseline -0.01 -21"><span class='ocrx_word' id='word_1_51' title='bbox 212 903 364 989; x_wconf 78' lang='lat' dir='ltr'><strong>ignososs</strong></span> <span class='ocrx_word' id='word_1_52' title='bbox 386 900 476 983; x_wconf 87' lang='lat' dir='ltr'><strong>mihi,</strong></span> <span class='ocrx_word' id='word_1_53' title='bbox 497 899 527 965; x_wconf 87' lang='lat' dir='ltr'><strong>si</strong></span> <span class='ocrx_word' id='word_1_54' title='bbox 540 899 659 964; x_wconf 85' lang='lat' dir='ltr'><strong>diutius</strong></span> <span class='ocrx_word' id='word_1_55' title='bbox 674 899 715 964; x_wconf 81' lang='lat' dir='ltr'><strong>ad</strong></span> <span class='ocrx_word' id='word_1_56' title='bbox 728 902 761 963; x_wconf 86' lang='lat' dir='ltr'><strong>ts</strong></span> <span class='ocrx_word' id='word_1_57' title='bbox 780 897 923 964; x_wconf 76' lang='lat' dir='ltr'><strong>saeibere</strong></span> <span class='ocrx_word' id='word_1_58' title='bbox 936 896 1061 982; x_wconf 70' lang='lat' dir='ltr'><strong>usuri,</strong></span> <span class='ocrx_word' id='word_1_59' title='bbox 1073 915 1150 981; x_wconf 80' lang='lat' dir='ltr'><strong>quam</strong></span> 
     </span>
     <span class='ocr_line' id='line_1_9' title="bbox 213 977 1150 1077; baseline -0.009 -21"><span class='ocrx_word' id='word_1_60' title='bbox 213 1013 272 1077; x_wconf 80' lang='lat' dir='ltr'><strong>par</strong></span> <span class='ocrx_word' id='word_1_61' title='bbox 299 993 383 1055; x_wconf 72' lang='lat' dir='ltr'><strong>erat:</strong></span> <span class='ocrx_word' id='word_1_62' title='bbox 415 988 530 1054; x_wconf 88' lang='lat' dir='ltr'><strong>deinde</strong></span> <span class='ocrx_word' id='word_1_63' title='bbox 557 991 606 1067; x_wconf 73' lang='lat' dir='ltr'><strong>ut,</strong></span> <span class='ocrx_word' id='word_1_64' title='bbox 634 989 791 1072; x_wconf 84' lang='lat' dir='ltr'><strong>quantum</strong></span> <span class='ocrx_word' id='word_1_65' title='bbox 820 977 873 1052; x_wconf 74' lang='lat' dir='ltr'><strong>nrt</strong></span> <span class='ocrx_word' id='word_1_66' title='bbox 904 1004 1013 1072; x_wconf 75' lang='lat' dir='ltr'><strong>anus,</strong></span> <span class='ocrx_word' id='word_1_67' title='bbox 1045 989 1150 1052; x_wconf 75' lang='lat' dir='ltr'><strong>tanum</strong></span> 
     </span>
     <span class='ocr_line' id='line_1_10' title="bbox 214 1074 1150 1164; baseline -0.007 -20"><span class='ocrx_word' id='word_1_68' title='bbox 214 1093 330 1164; x_wconf 80' lang='lat' dir='ltr'><strong>operas</strong></span> <span class='ocrx_word' id='word_1_69' title='bbox 353 1099 391 1143; x_wconf 79' lang='lat' dir='ltr'><strong>eo</strong></span> <span class='ocrx_word' id='word_1_70' title='bbox 404 1077 591 1162; x_wconf 71' lang='lat' dir='ltr'>diligentiae</span> <span class='ocrx_word' id='word_1_71' title='bbox 614 1075 762 1142; x_wconf 77' lang='lat' dir='ltr'><strong>conferas</strong></span> <span class='ocrx_word' id='word_1_72' title='bbox 784 1074 827 1140; x_wconf 86' lang='lat' dir='ltr'><strong>ad</strong></span> <span class='ocrx_word' id='word_1_73' title='bbox 839 1075 1061 1141; x_wconf 80' lang='lat' dir='ltr'><strong>valetudinem</strong></span> <span class='ocrx_word' id='word_1_74' title='bbox 1080 1079 1150 1138; x_wconf 81' lang='lat' dir='ltr'><strong>tuen</strong></span> 
     </span>
     <span class='ocr_line' id='line_1_11' title="bbox 213 1163 1150 1232; baseline -0.009 0"><span class='ocrx_word' id='word_1_75' title='bbox 213 1177 246 1232; x_wconf 85' lang='lat' dir='ltr'><strong>et</strong></span> <span class='ocrx_word' id='word_1_76' title='bbox 269 1165 522 1231; x_wconf 81' lang='lat' dir='ltr'><strong>confirmandam</strong></span> <span class='ocrx_word' id='word_1_77' title='bbox 544 1169 577 1230; x_wconf 89' lang='lat' dir='ltr'><strong>et</strong></span> <span class='ocrx_word' id='word_1_78' title='bbox 599 1163 861 1230; x_wconf 80' lang='lat' dir='ltr'><strong>conservandam.</strong></span> <span class='ocrx_word' id='word_1_79' title='bbox 888 1163 961 1230; x_wconf 88' lang='lat' dir='ltr'><strong>Hoo</strong></span> <span class='ocrx_word' id='word_1_80' title='bbox 983 1165 1034 1230; x_wconf 85' lang='lat' dir='ltr'><strong>ita</strong></span> <span class='ocrx_word' id='word_1_81' title='bbox 1054 1163 1150 1230; x_wconf 71' lang='lat' dir='ltr'><strong>rideo.=</strong></span> 
     </span>
     <span class='ocr_line' id='line_1_12' title="bbox 213 1253 1150 1338; baseline -0.005 -18"><span class='ocrx_word' id='word_1_82' title='bbox 213 1255 364 1320; x_wconf 82' lang='lat' dir='ltr'><strong>facillimo</strong></span> <span class='ocrx_word' id='word_1_83' title='bbox 387 1253 541 1337; x_wconf 82' lang='lat' dir='ltr'><strong>consequi</strong></span> <span class='ocrx_word' id='word_1_84' title='bbox 562 1275 666 1338; x_wconf 87' lang='lat' dir='ltr'><strong>posse,</strong></span> <span class='ocrx_word' id='word_1_85' title='bbox 689 1253 717 1318; x_wconf 88' lang='lat' dir='ltr'><strong>ai</strong></span> <span class='ocrx_word' id='word_1_86' title='bbox 740 1253 781 1317; x_wconf 92' lang='lat' dir='ltr'><strong>ad</strong></span> <span class='ocrx_word' id='word_1_87' title='bbox 801 1254 945 1338; x_wconf 86' lang='lat' dir='ltr'><strong>eorporis</strong></span> <span class='ocrx_word' id='word_1_88' title='bbox 969 1253 1150 1318; x_wconf 81' lang='lat' dir='ltr'><strong>exercitatio·</strong></span> 
     </span>
     <span class='ocr_line' id='line_1_13' title="bbox 212 1341 1151 1428; baseline -0.005 -20"><span class='ocrx_word' id='word_1_89' title='bbox 212 1365 271 1410; x_wconf 89' lang='lat' dir='ltr'><strong>nes</strong></span> <span class='ocrx_word' id='word_1_90' title='bbox 295 1343 416 1428; x_wconf 89' lang='lat' dir='ltr'><strong>aliquid</strong></span> <span class='ocrx_word' id='word_1_91' title='bbox 438 1341 607 1426; x_wconf 87' lang='lat' dir='ltr'><strong>addideris,</strong></span> <span class='ocrx_word' id='word_1_92' title='bbox 630 1342 668 1406; x_wconf 89' lang='lat' dir='ltr'><strong>de</strong></span> <span class='ocrx_word' id='word_1_93' title='bbox 692 1341 976 1406; x_wconf 71' lang='lat' dir='ltr'><strong>exercitationibus</strong></span> <span class='ocrx_word' id='word_1_94' title='bbox 1000 1341 1099 1406; x_wconf 87' lang='lat' dir='ltr'><strong>animi</strong></span> <span class='ocrx_word' id='word_1_95' title='bbox 1119 1345 1151 1404; x_wconf 86' lang='lat' dir='ltr'><strong>at·</strong></span> 
     </span>
     <span class='ocr_line' id='line_1_14' title="bbox 214 1427 1152 1517; baseline -0.006 -20"><span class='ocrx_word' id='word_1_96' title='bbox 214 1454 276 1517; x_wconf 90' lang='lat' dir='ltr'><strong>que</strong></span> <span class='ocrx_word' id='word_1_97' title='bbox 307 1431 431 1517; x_wconf 87' lang='lat' dir='ltr'><strong>ingenii</strong></span> <span class='ocrx_word' id='word_1_98' title='bbox 458 1430 579 1514; x_wconf 89' lang='lat' dir='ltr'><strong>aliquid</strong></span> <span class='ocrx_word' id='word_1_99' title='bbox 605 1429 790 1495; x_wconf 75' lang='lat' dir='ltr'><strong>detraxeris.</strong></span> <span class='ocrx_word' id='word_1_100' title='bbox 834 1428 925 1495; x_wconf 80' lang='lat' dir='ltr'><strong>Neve</strong></span> <span class='ocrx_word' id='word_1_101' title='bbox 956 1433 1056 1514; x_wconf 85' lang='lat' dir='ltr'><strong>putes</strong></span> <span class='ocrx_word' id='word_1_102' title='bbox 1083 1427 1152 1512; x_wconf 88' lang='lat' dir='ltr'><strong>quid-</strong></span> 
     </span>
     <span class='ocr_line' id='line_1_15' title="bbox 214 1517 1151 1606; baseline -0.005 -21"><span class='ocrx_word' id='word_1_103' title='bbox 214 1542 311 1606; x_wconf 87' lang='lat' dir='ltr'><strong>quam</strong></span> <span class='ocrx_word' id='word_1_104' title='bbox 333 1541 384 1584; x_wconf 88' lang='lat' dir='ltr'><strong>me</strong></span> <span class='ocrx_word' id='word_1_105' title='bbox 411 1519 471 1585; x_wconf 90' lang='lat' dir='ltr'><strong>tibi</strong></span> <span class='ocrx_word' id='word_1_106' title='bbox 494 1518 640 1604; x_wconf 85' lang='lat' dir='ltr'><strong>suadere,</strong></span> <span class='ocrx_word' id='word_1_107' title='bbox 663 1519 749 1602; x_wconf 88' lang='lat' dir='ltr'><strong>quod</strong></span> <span class='ocrx_word' id='word_1_108' title='bbox 775 1540 844 1584; x_wconf 90' lang='lat' dir='ltr'><strong>non</strong></span> <span class='ocrx_word' id='word_1_109' title='bbox 867 1519 944 1582; x_wconf 87' lang='lat' dir='ltr'><strong>satis</strong></span> <span class='ocrx_word' id='word_1_110' title='bbox 964 1517 1151 1602; x_wconf 79' lang='lat' dir='ltr'><strong>exploratum</strong></span> 
     </span>
     <span class='ocr_line' id='line_1_16' title="bbox 213 1604 1150 1692; baseline -0.005 -18"><span class='ocrx_word' id='word_1_111' title='bbox 213 1609 365 1674; x_wconf 79' lang='lat' dir='ltr'><strong>habeam:</strong></span> <span class='ocrx_word' id='word_1_112' title='bbox 392 1628 453 1692; x_wconf 85' lang='lat' dir='ltr'><strong>ego</strong></span> <span class='ocrx_word' id='word_1_113' title='bbox 488 1623 614 1691; x_wconf 88' lang='lat' dir='ltr'><strong>quoque</strong></span> <span class='ocrx_word' id='word_1_114' title='bbox 645 1607 731 1672; x_wconf 87' lang='lat' dir='ltr'><strong>idem</strong></span> <span class='ocrx_word' id='word_1_115' title='bbox 763 1604 869 1671; x_wconf 83' lang='lat' dir='ltr'><strong>faeere</strong></span> <span class='ocrx_word' id='word_1_116' title='bbox 902 1606 997 1691; x_wconf 79' lang='lat' dir='ltr'><strong>coepi</strong></span> <span class='ocrx_word' id='word_1_117' title='bbox 1030 1609 1064 1672; x_wconf 90' lang='lat' dir='ltr'><strong>et</strong></span> <span class='ocrx_word' id='word_1_118' title='bbox 1092 1605 1150 1669; x_wconf 75' lang='lat' dir='ltr'><strong>mih¹</strong></span> 
     </span>
     <span class='ocr_line' id='line_1_17' title="bbox 213 1695 1144 1782; baseline -0.006 -20"><span class='ocrx_word' id='word_1_119' title='bbox 213 1697 385 1782; x_wconf 83' lang='lat' dir='ltr'><strong>insigniter</strong></span> <span class='ocrx_word' id='word_1_120' title='bbox 411 1695 563 1779; x_wconf 77' lang='lat' dir='ltr'><strong>prodesse</strong></span> <span class='ocrx_word' id='word_1_121' title='bbox 585 1697 700 1762; x_wconf 87' lang='lat' dir='ltr'><strong>sentio.</strong></span> <span class='ocrx_word' id='word_1_122' title='bbox 744 1695 795 1760; x_wconf 78' lang='lat' dir='ltr'><strong>&#39;Pu</strong></span> <span class='ocrx_word' id='word_1_123' title='bbox 818 1696 946 1780; x_wconf 75' lang='lat' dir='ltr'><strong>qutndo</strong></span> <span class='ocrx_word' id='word_1_124' title='bbox 972 1717 1012 1761; x_wconf 91' lang='lat' dir='ltr'><strong>eo</strong></span> <span class='ocrx_word' id='word_1_125' title='bbox 1041 1695 1144 1780; x_wconf 83' lang='lat' dir='ltr'><strong>ingeni·</strong></span> 
     </span>
     <span class='ocr_line' id='line_1_18' title="bbox 214 1783 1153 1870; baseline -0.003 -21"><span class='ocrx_word' id='word_1_126' title='bbox 214 1807 257 1870; x_wconf 84' lang='lat' dir='ltr'><strong>es,</strong></span> <span class='ocrx_word' id='word_1_127' title='bbox 279 1788 316 1850; x_wconf 90' lang='lat' dir='ltr'><strong>ut</strong></span> <span class='ocrx_word' id='word_1_128' title='bbox 330 1784 487 1869; x_wconf 80' lang='lat' dir='ltr'><strong>cognatis,</strong></span> <span class='ocrx_word' id='word_1_129' title='bbox 508 1787 545 1848; x_wconf 90' lang='lat' dir='ltr'><strong>ut</strong></span> <span class='ocrx_word' id='word_1_130' title='bbox 559 1785 679 1869; x_wconf 85' lang='lat' dir='ltr'><strong>amieis,</strong></span> <span class='ocrx_word' id='word_1_131' title='bbox 701 1787 739 1849; x_wconf 89' lang='lat' dir='ltr'><strong>ut</strong></span> <span class='ocrx_word' id='word_1_132' title='bbox 751 1784 885 1869; x_wconf 82' lang='lat' dir='ltr'><strong>patriae,</strong></span> <span class='ocrx_word' id='word_1_133' title='bbox 906 1787 944 1848; x_wconf 92' lang='lat' dir='ltr'><strong>ut</strong></span> <span class='ocrx_word' id='word_1_134' title='bbox 957 1783 1057 1849; x_wconf 87' lang='lat' dir='ltr'><strong>bonis</strong></span> <span class='ocrx_word' id='word_1_135' title='bbox 1072 1805 1153 1848; x_wconf 85' lang='lat' dir='ltr'><strong>omm-</strong></span> 
     </span>
     <span class='ocr_line' id='line_1_19' title="bbox 212 1869 1153 1957; baseline -0.007 -19"><span class='ocrx_word' id='word_1_136' title='bbox 212 1873 274 1940; x_wconf 89' lang='lat' dir='ltr'><strong>bus</strong></span> <span class='ocrx_word' id='word_1_137' title='bbox 305 1872 515 1937; x_wconf 74' lang='lat' dir='ltr'><strong>libentissime</strong></span> <span class='ocrx_word' id='word_1_138' title='bbox 543 1895 675 1957; x_wconf 88' lang='lat' dir='ltr'><strong>oporam</strong></span> <span class='ocrx_word' id='word_1_139' title='bbox 701 1872 757 1937; x_wconf 89' lang='lat' dir='ltr'><strong>des</strong></span> <span class='ocrx_word' id='word_1_140' title='bbox 788 1893 961 1957; x_wconf 87' lang='lat' dir='ltr'><strong>eorumque</strong></span> <span class='ocrx_word' id='word_1_141' title='bbox 994 1869 1153 1938; x_wconf 50' lang='lat' dir='ltr'><strong>commodis</strong></span> 
     </span>
     <span class='ocr_line' id='line_1_20' title="bbox 213 1955 1153 2048; baseline -0.007 -21"><span class='ocrx_word' id='word_1_142' title='bbox 213 1965 369 2048; x_wconf 88' lang='lat' dir='ltr'><strong>perpetuo</strong></span> <span class='ocrx_word' id='word_1_143' title='bbox 392 1961 557 2040; x_wconf 86' lang='lat' dir='ltr'><strong>inservias,</strong></span> <span class='ocrx_word' id='word_1_144' title='bbox 579 1959 671 2026; x_wconf 82' lang='lat' dir='ltr'><strong>ulid</strong></span> <span class='ocrx_word' id='word_1_145' title='bbox 693 1959 844 2026; x_wconf 78' lang='lat' dir='ltr'><strong>facillime</strong></span> <span class='ocrx_word' id='word_1_146' title='bbox 868 1981 906 2026; x_wconf 87' lang='lat' dir='ltr'><strong>ao</strong></span> <span class='ocrx_word' id='word_1_147' title='bbox 920 1955 1100 2026; x_wconf 85' lang='lat' dir='ltr'><strong>diutissime</strong></span> <span class='ocrx_word' id='word_1_148' title='bbox 1119 1958 1153 2021; x_wconf 83' lang='lat' dir='ltr'><strong>fs·</strong></span> 
     </span>
     <span class='ocr_line' id='line_1_21' title="bbox 213 2047 1146 2136; baseline -0.008 -20"><span class='ocrx_word' id='word_1_149' title='bbox 213 2073 284 2116; x_wconf 89' lang='lat' dir='ltr'><strong>oere</strong></span> <span class='ocrx_word' id='word_1_150' title='bbox 311 2050 430 2136; x_wconf 85' lang='lat' dir='ltr'><strong>possis,</strong></span> <span class='ocrx_word' id='word_1_151' title='bbox 457 2050 630 2136; x_wconf 88' lang='lat' dir='ltr'><strong>elaborato.</strong></span> <span class='ocrx_word' id='word_1_152' title='bbox 674 2047 722 2114; x_wconf 88' lang='lat' dir='ltr'><strong>Mi</strong></span> <span class='ocrx_word' id='word_1_153' title='bbox 750 2047 880 2114; x_wconf 84' lang='lat' dir='ltr'><strong>Sacrate</strong></span> <span class='ocrx_word' id='word_1_154' title='bbox 908 2049 1048 2134; x_wconf 82' lang='lat' dir='ltr'><strong>optime,</strong></span> <span class='ocrx_word' id='word_1_155' title='bbox 1075 2047 1146 2112; x_wconf 84' lang='lat' dir='ltr'><strong>etian</strong></span> 
     </span>
     <span class='ocr_line' id='line_1_22' title="bbox 214 2133 1153 2224; baseline -0.006 -19"><span class='ocrx_word' id='word_1_156' title='bbox 214 2144 311 2224; x_wconf 87' lang='lat' dir='ltr'><strong>atque</strong></span> <span class='ocrx_word' id='word_1_157' title='bbox 334 2139 431 2204; x_wconf 89' lang='lat' dir='ltr'><strong>etiam</strong></span> <span class='ocrx_word' id='word_1_158' title='bbox 445 2135 524 2204; x_wconf 84' lang='lat' dir='ltr'><strong>vale.</strong></span> <span class='ocrx_word' id='word_1_159' title='bbox 557 2133 703 2203; x_wconf 74' lang='lat' dir='ltr'><strong>&#39;Salutem</strong></span> <span class='ocrx_word' id='word_1_160' title='bbox 714 2133 888 2222; x_wconf 83' lang='lat' dir='ltr'><strong>plurimam</strong></span> <span class='ocrx_word' id='word_1_161' title='bbox 910 2137 1095 2202; x_wconf 82' lang='lat' dir='ltr'><strong>lectissimis</strong></span> <span class='ocrx_word' id='word_1_162' title='bbox 1107 2133 1153 2198; x_wconf 85' lang='lat' dir='ltr'><strong>tui·</strong></span> 
     </span>
     <span class='ocr_line' id='line_1_23' title="bbox 213 2223 1153 2312; baseline -0.006 -22"><span class='ocrx_word' id='word_1_163' title='bbox 213 2249 274 2311; x_wconf 89' lang='lat' dir='ltr'><strong>que</strong></span> <span class='ocrx_word' id='word_1_164' title='bbox 301 2225 472 2292; x_wconf 86' lang='lat' dir='ltr'><strong>simillimis</strong></span> <span class='ocrx_word' id='word_1_165' title='bbox 499 2227 589 2312; x_wconf 81' lang='lat' dir='ltr'><strong>viris,</strong></span> <span class='ocrx_word' id='word_1_166' title='bbox 616 2225 771 2292; x_wconf 83' lang='lat' dir='ltr'><strong>fratribus</strong></span> <span class='ocrx_word' id='word_1_167' title='bbox 797 2225 877 2308; x_wconf 73' lang='lat' dir='ltr'><strong>tuis,</strong></span> <span class='ocrx_word' id='word_1_168' title='bbox 905 2225 1050 2311; x_wconf 78' lang='lat' dir='ltr'><strong>itemque</strong></span> <span class='ocrx_word' id='word_1_169' title='bbox 1078 2223 1153 2289; x_wconf 78' lang='lat' dir='ltr'><strong>Palo·</strong></span> 
     </span>
     <span class='ocr_line' id='line_1_24' title="bbox 212 2309 1147 2468; baseline -0.001 -90"><span class='ocrx_word' id='word_1_170' title='bbox 212 2315 299 2468; x_wconf 68' lang='lat' dir='ltr'><strong>(limo,</strong></span> <span class='ocrx_word' id='word_1_171' title='bbox 322 2311 455 2382; x_wconf 82' lang='lat' dir='ltr'><strong>Canalio</strong></span> <span class='ocrx_word' id='word_1_172' title='bbox 479 2315 654 2400; x_wconf 85' lang='lat' dir='ltr'><strong>ceterisque</strong></span> <span class='ocrx_word' id='word_1_173' title='bbox 685 2315 804 2380; x_wconf 88' lang='lat' dir='ltr'><strong>amieis.</strong></span> <span class='ocrx_word' id='word_1_174' title='bbox 848 2313 980 2380; x_wconf 90' lang='lat' dir='ltr'><strong>Romae.</strong></span> <span class='ocrx_word' id='word_1_175' title='bbox 1003 2331 1078 2380; x_wconf 84' lang='lat' dir='ltr'><strong>xm.</strong></span> <span class='ocrx_word' id='word_1_176' title='bbox 1098 2309 1147 2376; x_wconf 80' lang='lat' dir='ltr'><strong>Kal</strong></span> 
     </span>
     <span class='ocr_line' id='line_1_25' title="bbox 230 2419 459 2469; baseline 0.004 -1"><span class='ocrx_word' id='word_1_177' title='bbox 230 2425 281 2468; x_wconf 89' lang='lat' dir='ltr'><strong>an.</strong></span> <span class='ocrx_word' id='word_1_178' title='bbox 303 2419 459 2469; x_wconf 75' lang='lat' dir='ltr'><strong>uooxvn.</strong></span> 
     </span>
    </p>
   </div>
   <div class='ocr_carea' id='block_1_3' title="bbox 612 2529 751 2540">
    <p class='ocr_par' dir='ltr' id='par_1_3' title="bbox 612 2529 751 2540">
     <span class='ocr_line' id='line_1_26' title="bbox 612 2529 751 2540; baseline -0.007 -2"><span class='ocrx_word' id='word_1_179' title='bbox 612 2529 751 2540; x_wconf 68' lang='lat'>...—.-</span> 
     </span>
    </p>
   </div>
   <div class='ocr_carea' id='block_1_4' title="bbox 642 2630 745 2697">
    <p class='ocr_par' dir='ltr' id='par_1_4' title="bbox 642 2630 745 2697">
     <span class='ocr_line' id='line_1_27' title="bbox 642 2630 745 2697; baseline -0.01 0"><span class='ocrx_word' id='word_1_180' title='bbox 642 2630 745 2697; x_wconf 88' lang='lat' dir='ltr'>XXV.</span> 
     </span>
    </p>
   </div>
   <div class='ocr_carea' id='block_1_5' title="bbox 407 2749 977 2833">
    <p class='ocr_par' dir='ltr' id='par_1_5' title="bbox 407 2749 977 2833">
     <span class='ocr_line' id='line_1_28' title="bbox 407 2749 977 2833; baseline -0.005 0"><span class='ocrx_word' id='word_1_181' title='bbox 407 2749 456 2833; x_wconf 83' lang='lat' dir='ltr'><strong>bl.</strong></span> <span class='ocrx_word' id='word_1_182' title='bbox 484 2755 726 2832; x_wconf 80' lang='lat' dir='ltr'>ANTONIUS</span> <span class='ocrx_word' id='word_1_183' title='bbox 753 2751 977 2832; x_wconf 75' lang='lat' dir='ltr'>MURETUS</span> 
     </span>
    </p>
   </div>
   <div class='ocr_carea' id='block_1_6' title="bbox 377 2889 1004 3044">
    <p class='ocr_par' dir='ltr' id='par_1_6' title="bbox 377 2889 1004 3044">
     <span class='ocr_line' id='line_1_29' title="bbox 377 2889 1004 2950; baseline -0.003 0"><span class='ocrx_word' id='word_1_184' title='bbox 377 2893 510 2950; x_wconf 80' lang='lat' dir='ltr'>IOANNI</span> <span class='ocrx_word' id='word_1_185' title='bbox 526 2893 693 2950; x_wconf 76' lang='lat' dir='ltr'><strong>ANTONIO</strong></span> <span class='ocrx_word' id='word_1_186' title='bbox 713 2892 915 2950; x_wconf 68' lang='lat' dir='ltr'><strong>bolsoenco</strong></span> <span class='ocrx_word' id='word_1_187' title='bbox 934 2889 1004 2949; x_wconf 73' lang='lat' dir='ltr'><strong>SUO</strong></span> 
     </span>
     <span class='ocr_line' id='line_1_30' title="bbox 677 2999 704 3044; baseline 0 0"><span class='ocrx_word' id='word_1_188' title='bbox 677 2999 704 3044; x_wconf 46' lang='grc' dir='ltr'><strong>ῚΒ.</strong></span> 
     </span>
    </p>
   </div>
   <div class='ocr_carea' id='block_1_7' title="bbox 212 3099 1154 3634">
    <p class='ocr_par' dir='ltr' id='par_1_7' title="bbox 212 3099 1154 3634">
     <span class='ocr_line' id='line_1_31' title="bbox 278 3099 1153 3214; baseline -0.003 -39"><span class='ocrx_word' id='word_1_189' title='bbox 278 3099 352 3176; x_wconf 70' lang='lat' dir='ltr'><strong>bra</strong></span> <span class='ocrx_word' id='word_1_190' title='bbox 374 3133 441 3214; x_wconf 83' lang='lat' dir='ltr'><strong>pro</strong></span> <span class='ocrx_word' id='word_1_191' title='bbox 457 3113 571 3174; x_wconf 89' lang='lat' dir='ltr'><strong>mutua</strong></span> <span class='ocrx_word' id='word_1_192' title='bbox 589 3107 674 3212; x_wconf 80' lang='lat' dir='ltr'><strong>inter</strong></span> <span class='ocrx_word' id='word_1_193' title='bbox 696 3129 757 3174; x_wconf 79' lang='lat' dir='ltr'><strong>nos</strong></span> <span class='ocrx_word' id='word_1_194' title='bbox 771 3107 939 3212; x_wconf 78' lang='lat' dir='ltr'><strong>voluntate</strong></span> <span class='ocrx_word' id='word_1_195' title='bbox 960 3107 1021 3175; x_wconf 77' lang='lat' dir='ltr'><strong>tibi</strong></span> <span class='ocrx_word' id='word_1_196' title='bbox 1036 3107 1153 3208; x_wconf 80' lang='lat' dir='ltr'><strong>dubim</strong></span> 
     </span>
     <span class='ocr_line' id='line_1_32' title="bbox 213 3197 1154 3369; baseline -0.003 -21"><span class='ocrx_word' id='word_1_197' title='bbox 213 3197 1098 3369; x_wconf 59' lang='lat' dir='ltr'><strong>{tlslttdtlbtutdt0tmttffit⁰ttt</strong></span> <span class='ocrx_word' id='word_1_198' title='bbox 1113 3219 1154 3346; x_wconf 69' lang='lat' dir='ltr'><strong>l.</strong></span> 
     </span>
     <span class='ocr_line' id='line_1_33' title="bbox 213 3369 1154 3456; baseline -0.004 -19"><span class='ocrx_word' id='word_1_199' title='bbox 213 3370 282 3456; x_wconf 86' lang='lat' dir='ltr'><strong>lim,</strong></span> <span class='ocrx_word' id='word_1_200' title='bbox 316 3369 443 3444; x_wconf 84' lang='lat' dir='ltr'><strong>litteras</strong></span> <span class='ocrx_word' id='word_1_201' title='bbox 474 3375 549 3437; x_wconf 79' lang='lat' dir='ltr'><strong>‘tuas</strong></span> <span class='ocrx_word' id='word_1_202' title='bbox 580 3372 660 3436; x_wconf 92' lang='lat' dir='ltr'><strong>mibi</strong></span> <span class='ocrx_word' id='word_1_203' title='bbox 691 3374 789 3438; x_wconf 87' lang='lat' dir='ltr'><strong>etiam</strong></span> <span class='ocrx_word' id='word_1_204' title='bbox 825 3371 1029 3441; x_wconf 79' lang='lat' dir='ltr'><strong>iucundiores</strong></span> <span class='ocrx_word' id='word_1_205' title='bbox 1059 3373 1154 3454; x_wconf 71' lang='lat' dir='ltr'><strong>fuisos</strong></span> 
     </span>
     <span class='ocr_line' id='line_1_34' title="bbox 213 3459 1153 3546; baseline -0.002 -22"><span class='ocrx_word' id='word_1_206' title='bbox 213 3481 310 3544; x_wconf 87' lang='lat' dir='ltr'><strong>quam</strong></span> <span class='ocrx_word' id='word_1_207' title='bbox 338 3463 374 3523; x_wconf 92' lang='lat' dir='ltr'><strong>tu</strong></span> <span class='ocrx_word' id='word_1_208' title='bbox 402 3459 584 3524; x_wconf 86' lang='lat' dir='ltr'><strong>existimare</strong></span> <span class='ocrx_word' id='word_1_209' title='bbox 616 3459 711 3524; x_wconf 85' lang='lat' dir='ltr'><strong>faoile</strong></span> <span class='ocrx_word' id='word_1_210' title='bbox 738 3462 852 3545; x_wconf 88' lang='lat' dir='ltr'><strong>possis.</strong></span> <span class='ocrx_word' id='word_1_211' title='bbox 896 3459 984 3528; x_wconf 88' lang='lat' dir='ltr'><strong>Nam</strong></span> <span class='ocrx_word' id='word_1_212' title='bbox 1011 3465 1055 3542; x_wconf 89' lang='lat' dir='ltr'><strong>et,</strong></span> <span class='ocrx_word' id='word_1_213' title='bbox 1081 3459 1153 3546; x_wconf 86' lang='lat' dir='ltr'><strong>quod</strong></span> 
     </span>
     <span class='ocr_line' id='line_1_35' title="bbox 212 3547 1154 3634; baseline 0.001 -23"><span class='ocrx_word' id='word_1_214' title='bbox 212 3569 274 3631; x_wconf 83' lang='lat' dir='ltr'><strong>ego</strong></span> <span class='ocrx_word' id='word_1_215' title='bbox 299 3567 425 3612; x_wconf 90' lang='lat' dir='ltr'><strong>summo</strong></span> <span class='ocrx_word' id='word_1_216' title='bbox 453 3568 547 3629; x_wconf 87' lang='lat' dir='ltr'><strong>opere</strong></span> <span class='ocrx_word' id='word_1_217' title='bbox 570 3547 750 3632; x_wconf 78' lang='lat' dir='ltr'><strong>cupiebam,</strong></span> <span class='ocrx_word' id='word_1_218' title='bbox 778 3549 992 3617; x_wconf 82' lang='lat' dir='ltr'><strong>continebant</strong></span> <span class='ocrx_word' id='word_1_219' title='bbox 1017 3555 1154 3634; x_wconf 72' lang='grc' dir='ltr'><strong>λεπτομε-</strong></span> 
     </span>
    </p>
   </div>
   <div class='ocr_carea' id='block_1_8' title="bbox 0 0 1168 3956">
    <p class='ocr_par' dir='ltr' id='par_1_8' title="bbox 0 0 1168 3956">
     <span class='ocr_line' id='line_1_36' title="bbox 0 0 1168 3956; baseline 0 0"><span class='ocrx_word' id='word_1_220' title='bbox 0 0 1168 3956; x_wconf 95' lang='lat' dir='ltr'><strong> </strong></span> 
     </span>
    </p>
   </div>
  </div>
 </body>
</html>
