2328 3956
201 210 249 277 42
523 185 837 282 *mrsromxrm

201 355 286 421 mihi
307 355 454 439 pulcrum
467 354 565 436 etque
586 350 801 416 honorificum
815 351 867 433 sit,
891 349 1037 415 arbitrari
1057 372 1133 434 quam

202 443 360 530 plurimos
382 461 434 506 me
448 461 468 505 a
480 442 513 506 te
526 439 586 504 tali
598 439 668 504 viro
691 440 801 506 amari.
829 436 932 522 Saepe
945 438 1041 524 igitur
1051 439 1134 522 multi,

203 531 262 616 qui
284 547 304 594 a
325 533 358 594 tc
381 528 526 595 obtinere
548 525 671 612 aliquid
693 523 827 610 vellent,
850 547 945 612 egere
966 547 1091 610 meeum,
1108 533 1135 590 ut

201 619 247 685 ad
267 621 301 683 te
315 639 374 682 sua
396 633 510 682 cadesa
531 616 718 681 scriberem:
741 615 828 700 quod
850 618 963 682 tamen
979 611 1079 680 lacere
1097 638 1135 678 us·

201 719 267 792 que
298 705 403 772 adhuc
433 705 538 788 nolui,
565 704 665 790 quod,
692 725 775 789 quae
804 703 869 788 ipsi
895 703 1058 786 solebant,
1084 725 1147 770 res}

202 797 300 862 erent
321 792 489 876 eiusmodi,
515 796 614 858 utos
636 791 688 858 vel
708 811 761 894 me
781 813 804 856 a
826 810 989 878 quoquam
1011 792 1059 856 rel
1079 795 1136 855 ste

202 884 519 1054 edelbold?
537 880 660 1054 ἐὼξὲ
678 879 877 1040 mit
905 879 1136 1034 lltlll

202 1059 347 1144 mihique
378 1058 564 1124 amicissimi
595 1056 814 1141 commodum,
843 1055 915 1142 scd,
943 1057 1030 1141 quod
1056 1057 1136 1120 millo

203 1147 306 1231 pluris
337 1149 401 1230 est,
432 1145 627 1212 existimatio
658 1145 717 1210 tua
743 1145 882 1230 quodem
914 1144 1013 1210 modo
1040 1143 1138 1230 agitur:

202 1234 318 1319 putavi
330 1256 391 1318 me,
413 1235 477 1300 nisi
491 1235 533 1300 ad
545 1239 588 1318 te,
610 1235 800 1318 praesertim
813 1235 957 1320 rogatis
980 1233 1148 1305 scriberem,

201 1322 312 1388 officio
334 1323 527 1389 defuturum.
571 1321 642 1387 I'em
665 1321 721 1386 diu
743 1321 801 1406 eat,
823 1343 897 1387 cum
919 1321 976 1406 qai
998 1321 1051 1386 hio
1068 1319 1139 1384 Paul

201 1409 357 1496 Sadoleti,
371 1409 690 1495 carpentoractensis
703 1409 867 1496 Episcopi,
889 1409 952 1477 siri
964 1409 1140 1494 maerentis

201 1500 363 1585 planeque
385 1497 509 1584 magno'
528 1499 585 1566 illo
606 1501 724 1584 petr‘eo
745 1498 851 1586 digni,
877 1499 1015 1585 negotia
1033 1501 1140 1584 gerunt,

201 1587 1141 1759 {lctlmlll’ltladldt'elloffiltzllll

147 1835 155 1850 ο
200 1761 367 1829 Ecclesiae
389 1766 465 1828 tuae
486 1759 697 1847 proventibus
717 1757 828 1828 deberi
850 1762 1052 1830 adseverant
1076 1762 1149 1827 lam-1

200 1872 266 1938 que
288 1851 341 1916 hie
363 1852 478 1918 tertius
499 1852 620 1916 mensis
642 1853 702 1935 est,
724 1871 797 1936 epm
819 1850 861 1916 ed
882 1853 915 1916 te
938 1869 1037 1936 super
1058 1873 1093 1916 es
1109 1871 1142 1932 re,

202 1940 349 2026 ipsorum
370 1943 497 2028 rogatu,
519 1939 716 2029 Hippolytus
736 1937 914 2005 Cardinalis
937 1937 1142 2017 Ferrariensis,

200 2029 294 2094 ouius
323 2050 397 2116 ego,
424 2033 462 2094 ut
484 2029 560 2112 scis,
586 2029 621 2092 in
647 2027 772 2092 familia
799 2049 883 2112 sum,
908 2025 1038 2093 litteras
1065 2025 1141 2092 dedit.

200 2114 286 2183 (lum
307 2117 371 2183 hoc
393 2117 552 2200 omnibus,
576 2117 630 2200 qui
651 2119 684 2180 te
698 2119 828 2202 norunt,
850 2138 971 2182 novum
994 2121 1089 2202 atque
1108 2117 1143 2178 ir·

201 2204 356 2271 credibile
383 2205 522 2289 videtur,
548 2204 625 2270 darc
650 2207 684 2268 te
710 2205 860 2289 cuiquam
885 2227 1037 2272 causeam
1063 2205 1150 2269 snm

199 2291 244 2358 de
265 2296 298 2358 te
319 2293 489 2378 querendi:
511 2297 582 2358 tum
595 2297 628 2357 te
650 2292 824 2358 nihildum
846 2293 887 2358 ad
902 2291 1085 2360 Oardiralie
1104 2293 1143 2355 lit·

200 2382 289 2446 tcras
310 2381 525 2466 respondisse,
544 2401 615 2446 non
636 2379 692 2444 elii
714 2383 851 2465 tantum,
874 2381 930 2446 sed
953 2385 986 2448 et
1009 2383 1080 2468 ipse
1100 2381 1145 2444 mi·

199 2471 301 2534 ratur.
344 2467 408 2534 Hie
429 2491 492 2556 ego
514 2473 557 2553 te,
575 2468 686 2536 Valeri
708 2491 727 2533 o
751 2469 830 2534 time
852 2491 889 2534 ac
911 2470 1145 2555 sapientissime,

200 2577 271 2622 noa
293 2557 402 2641 orabo,
425 2559 480 2624 des
504 2579 644 2642 operam,
666 2559 703 2621 ut
769 2557 876 2624 deleto
899 2579 997 2644 quam
1020 2559 1146 2643 primum

200 2645 354 2710 satisfiat:
375 2647 454 2712 novi
467 2667 536 2712 non
557 2645 779 2731 integritatem
799 2645 906 2731 modo,
928 2645 985 2712 sed
1000 2651 1035 2712 et
1054 2647 1146 2711 altiti-

199 2733 311 2800 dinem
342 2735 444 2805 animi
469 2735 519 2800 tui
544 2734 733 2818 longissime
760 2734 875 2800 remoti
902 2755 923 2799 a
948 2735 1099 2808 sordibus
1122 2742 1147 2795 st

200 2845 279 2907 prae
306 2823 477 2908 honestate
505 2822 587 2886 nihil
612 2826 722 2888 cetera
748 2822 858 2888 emnia
884 2821 1044 2888 facientis.
1088 2819 1145 2886 Hoc

199 2914 331 2978 tentum
353 2915 472 2998 petam,
494 2914 541 2994 ut,
563 2931 636 2976 eum
658 2911 690 2976 ei
704 2909 966 2978 satisfaciendum
989 2909 1147 2981 curareris,

199 3001 290 3084 quod
311 3003 344 3065 te
367 3000 512 3066 celeriter
524 2998 688 3064 factorum
710 3021 779 3065 non
791 2999 903 3066 dubito
922 3003 956 3065 et
975 3002 1067 3066 certo
1080 2997 1147 3063 mihi

201 3087 392 3174 persuadeo,
413 3111 471 3174 per
483 3090 517 3153 te
538 3087 758 3173 constetisse,
781 3110 844 3174 quo
867 3089 975 3156 minus
997 3110 1057 3155 suo
1079 3091 1148 3151 tem·

202 3196 282 3258 pore
308 3175 431 3242 factem
457 3177 514 3244 sit:
542 3177 605 3244 boo
631 3176 732 3262 igitur
754 3183 827 3242 cum
849 3177 976 3260 feceris,
1001 3181 1039 3242 ut
1061 3173 1147 3260 signi·

200 3261 279 3328 ficos
294 3260 467 3348 cardinali,
488 3265 614 3331 litteras
636 3264 739 3348 ipsius
753 3267 882 3330 tantum
896 3265 981 3350 apud
994 3269 1035 3351 te,
1059 3283 1147 3350 quan·

200 3353 291 3502 effi
297 3349 424 3434 debent,
446 3352 598 3434 ponderis
620 3352 784 3418 habuisse.
810 3351 901 3420 Vale.
923 3353 1054 3419 Itomae.
1077 3349 1148 3418 Idib.

289 3447 299 3501 ⁴.
322 3453 490 3503 Mnhxvm.

604 3581 763 3592 ...ψ-...-
