2326 3942
369 208 579 266 nnsnsano
598 211 645 266 m.
920 211 987 278 209

43 351 84 438 (ut
98 371 136 415 ne
154 351 322 416 annalium
340 355 528 419 memoriam
546 356 696 440 replicem
714 377 818 441 neque
832 377 887 421 eos
902 378 989 422 oom-

42 461 215 524 memorem,
238 463 319 526 qnos
342 442 429 507 domi
451 443 592 528 forisque
616 448 760 528 spectata
782 445 885 510 vi1tus
906 467 990 510 'con-

42 529 176 594 cordibus
210 530 372 616 suffragiis
401 532 442 596 ad
473 533 568 596 huius
595 534 789 617 reipublicae
820 534 990 619 fastigium

41 615 145 702 evexit)
176 619 258 684 illud
288 621 499 706 integritatis,
530 622 610 686 illud
642 623 797 705 iustitiae,
829 623 908 688 illud
940 624 990 686 in·

40 711 197 790 corruptae
216 709 394 774 severitatis
413 711 588 794 exemplar,
606 709 767 776 Aleisium
779 711 990 795 Mccenicum,

40 797 181 882 equitem,
204 800 311 882 tuum,
333 797 511 882 Leonarde,
539 821 634 864 avum
656 800 805 884 protulit:
834 822 897 886 quo
919 801 990 864 viro

39 908 123 951 nemo
150 907 296 970 unquam
322 887 358 951 in
384 887 445 954 hac
473 888 615 972 civitate,
643 890 710 974 qui,
738 911 811 954 oum
838 889 992 973 pauciora

40 977 164 1058 peteret,
195 975 290 1058 plura
317 981 564 1062 consequeretur
595 977 727 1042 honoris
755 978 910 1064 insignia,
941 978 991 1042 in-

39 1068 142 1129 ventus
166 1067 224 1128 est.
270 1064 347 1148 Ipsa
368 1087 428 1149 pro
451 1087 489 1131 eo
517 1068 693 1150 prensabat
719 1067 835 1151 virtus,
861 1067 934 1150 ipsa
961 1066 992 1130 ei

39 1153 114 1216 viam
145 1152 188 1216 ad
221 1173 332 1218 omnes
363 1155 496 1220 honoris
529 1157 648 1240 gradus
680 1178 747 1222 non
781 1155 992 1240 appellandis,

38 1263 94 1305 non
117 1241 285 1326 rogandis,
312 1264 379 1308 non
402 1244 542 1310 officiose
566 1245 744 1311 salutandis
771 1246 907 1328 civibus,
934 1244 993 1308 sed

40 1331 192 1414 gloriosiS,
221 1331 431 1416 admirandis,
458 1334 702 1398 immortalitate
730 1335 836 1419 dignis
859 1333 992 1398 edendis

40 1420 181 1502 operibns
194 1421 370 1486 muniebat.
397 1420 511 1507 Neque
524 1443 599 1486 vero
617 1443 715 1506 passa
734 1422 914 1505 respublica
933 1424 992 1504 cst,

39 1510 159 1572 tantum
177 1509 288 1572 lumen
305 1509 422 1576 exteris
440 1511 639 1594 principibus
657 1511 859 1595 incognitum
876 1511 991 1593 latere;

38 1597 84 1660 sed
112 1619 311 1682 quamquam
342 1599 535 1664 fidelissimis
567 1601 653 1664 illius
682 1598 992 1684 sapientissimisque

38 1686 172 1751 consiliis
205 1686 283 1750 nixa
313 1709 381 1752 non
411 1689 549 1752 libenter
580 1689 621 1753 ab
653 1690 803 1773 amplexu
829 1710 903 1752 eum
932 1708 992 1751 suo

38 1774 220 1858 dimitteret,
252 1775 443 1841 mandandis
470 1780 582 1842 tamen
608 1777 638 1840 ei
664 1778 812 1861 plurimis
839 1775 993 1841 honorifi-

36 1865 288 1950 centissimisque
310 1865 525 1950 legationibus
553 1866 740 1930 facultatem
763 1865 863 1948 dedit,
885 1865 992 1928 famae

38 1974 105 2018 suae
129 1975 189 2038 per
211 1975 325 2020 omnes
347 1958 507 2018 terrarum
530 1977 603 2020 oras
627 1954 893 2020 disseminandae.
930 1951 994 2028 Qui

36 2063 101 2106 cum
127 2064 241 2107 omnes
264 2043 300 2106 in
322 2063 394 2106 eam
417 2043 602 2127 opinionem
625 2043 823 2126 adduxisset,
846 2045 883 2114 ut
906 2041 993 2125 quic-

36 2131 104 2212 quid
119 2131 198 2215 ipsi,
220 2153 289 2196 non
307 2131 412 2197 dicam
435 2133 641 2217 denegatum,
665 2133 810 2197 sednon
832 2131 917 2194 ultro
941 2130 994 2193 de·

35 2218 134 2284 latum
165 2221 296 2304 fuisset,
332 2221 418 2286 idem
449 2221 562 2286 virtuti
594 2221 788 2306 denegatum
818 2217 993 2302 videretur,

4 2371 6 2378 ,
36 2306 93 2372 lilio
129 2330 203 2393 suo,
239 2310 326 2392 patri
357 2314 428 2393 tuo,
459 2308 638 2394 leonardo,
674 2309 788 2374 iisdem
819 2307 1003 2374 vnmtibus'

34 2395 193 2481 praedito,
219 2397 314 2462 facile
343 2403 441 2484 atque
468 2400 652 2482 expeditum
678 2399 740 2462 iter
772 2399 813 2462 ad
844 2417 995 2481 procura-

34 2486 161 2570 toriam,
184 2485 217 2550 id
241 2489 303 2570 est,
319 2482 368 2552 ¹ad
391 2509 463 2552 eam
487 2509 551 2572 qua
572 2488 662 2552 nulla
685 2507 828 2552 summae
846 2484 995 2570 proprior

33 2577 90 2658 est,
121 2575 315 2660 dignitatem
341 2577 480 2662 reliquit.
526 2574 599 2641 Sive
626 2576 726 2661 igitur
753 2575 880 2661 generis
903 2573 995 2637 olari·

32 2664 131 2728 tatem
157 2665 366 2751 requirimus,
394 2687 432 2730 ea
458 2665 520 2752 tibi
547 2667 644 2751 longe
671 2665 812 2729 maxima
841 2662 995 2727 divinitus

35 2752 185 2836 contigir3
219 2753 287 2817 sive
312 2757 346 2818 te
373 2755 481 2838 ipsum
513 2755 604 2819 nulla
630 2754 756 2820 ratione
784 2751 911 2839 generis
938 2751 995 2814 ha-

32 2837 99 2904 bita
131 2842 310 2926 intuemur,
342 2863 381 2908 ea
407 2843 552 2908 videmus
579 2844 615 2908 in
641 2847 687 2926 te,
720 2863 801 2927 quae
828 2841 880 2904 vel
909 2839 995 2904 abic-

33 2931 119 2992 otam
142 2930 377 3017 obscuramque
399 2931 556 2996 familiam
575 2932 697 3018 erigere
717 2934 814 3015 atque
832 2929 996 2993 illustrare

29 3021 173 3098 possent.
218 3017 297 3084 Non
328 3021 415 3085 enirn
445 3024 478 3085 te
511 3024 568 3086 aut
599 3020 705 3107 gentis
735 3023 810 3083 tuae
841 3016 997 3080 nobilitas

29 3105 205 3190 tumidum,
229 3111 286 3172 aut
308 3131 408 3194 opum
430 3109 596 3176 affluentia
617 3109 811 3174 insolentem
824 3105 916 3189 faoit3
941 3103 998 3170 sed

28 3195 122 3258 illam
151 3195 280 3280 quidem
307 3198 569 3284 incitamentum,
596 3198 681 3262 hanc
702 3217 779 3264 vero
801 3196 998 3262 instrumen-

27 3286 98 3346 tum
131 3285 324 3352 exercendae
351 3287 481 3353 virtutis
509 3309 578 3352 esse
607 3287 740 3370 ducens,
767 3285 814 3352 ita
840 3287 874 3350 te
903 3284 999 3368 geris,

26 3375 62 3435 ut
95 3371 259 3456 dignitate
290 3397 351 3460 par
383 3376 530 3460 summis,
561 3375 764 3440 humanitate
796 3377 829 3440 et
861 3371 998 3438 affabili-

26 3463 94 3524 tate
126 3460 229 3528 nihilo
257 3464 404 3549 superior
429 3464 548 3530 infimis
577 3485 646 3530 esse
669 3463 815 3530 videaris.
858 3459 928 3535 QU⁰
951 3459 1006 3542 fib

24 3554 60 3615 ut
83 3551 163 3614 tota
185 3551 263 3617 urbe
285 3576 382 3620 nemo
405 3555 461 3640 sit,
485 3553 540 3640 qui
557 3575 625 3621 non
644 3553 753 3618 omnia
770 3550 832 3616 tibi
850 3566 1000 3614 successa

76 3663 233 3706 naamon.
801 3657 835 3706 14
