2328 3956
181 199 223 262 86
510 199 690 256 EPISTOLA
708 201 806 258 LXVI.

180 345 285 430 magis
308 327 406 410 etiam
428 345 671 429 improbitatem
699 368 790 411 suam
814 347 1002 432 declaravit,
1028 349 1123 432 quiid

182 455 308 520 quoque
337 433 486 498 suffurari
513 435 665 518 voluerit,
702 458 741 500 ex
772 457 837 520 quo
871 437 911 501 ad
944 459 978 501 se
1012 437 1122 522 quiden

180 523 264 588 nihil
296 522 470 607 commodi,
501 523 543 588 ed
572 546 623 588 me
653 527 762 590 autem
795 525 916 608 aliquid
945 527 1124 590 incommodi

181 614 412 696 perventurum
439 615 531 677 esset.
577 611 657 677 Peto
673 613 785 698 >igitur
813 636 832 677 a
858 617 904 698 te,
935 615 1073 698 primum
1095 621 1124 677 ut

181 722 253 766 meo
277 701 387 766 dolore
410 695 533 783 dolena
556 701 671 766 deinde
694 705 732 767 ut
754 703 859 766 adme
884 704 1124 787 quamprimum

183 791 306 874 septem
329 789 386 854 illo
398 789 503 874 prima
516 789 595 854 folia
609 791 733 856 mittas:
757 794 906 856 octavum
920 791 1008 856 enim
1026 792 1125 857 habeo.

181 878 255 964 Ego
279 881 386 943 autem
409 879 564 944 missurus
593 879 634 944 ad
660 882 693 944 te
717 881 827 945 statim
850 903 922 945 sum
949 881 1124 964 interprete-

181 968 305 1032 tionem
324 967 519 1032 Graecorum
542 971 574 1033 et
596 967 735 1034 indicem
754 991 873 1053 eorum,
897 991 979 1053 quae
1002 992 1022 1034 a
1044 970 1124 1034 libra-

181 1056 238 1209 llis
265 1059 398 1210 pIeooata
430 1061 513 1122 aunt.
562 1056 644 1122 Vale
677 1059 710 1122 et
740 1080 792 1124 me
824 1080 906 1124 ama.
933 1057 1064 1124 Romae.
1088 1077 1125 1124 111.

221 1167 259 1209 us
299 1167 409 1210 anuar.
432 1163 599 1210 Monxxxr.

587 1306 741 1317 u—-nnu—-n

605 1427 720 1494 LXVI.
951 1474 953 1482 -

377 1553 426 1630 Μ.
453 1555 696 1628 ANTONIUS
724 1555 949 1632 MURETUS

630 1693 651 1735 S.
665 1695 693 1734 D.

431 1779 615 1835 emerere
635 1779 886 1838 GENEBRARDO

423 1885 620 1943 THEOLOGO
638 1887 898 1944 ERUDITISSIMO

242 1993 290 2050 ΕΤ
310 1993 506 2052 secunlum
524 1993 766 2050 LITTERARUM
783 1993 948 2052 DOCTORI
965 1995 1074 2052 REGIO

251 2123 296 2188 Et
316 2123 444 2188 litterae
465 2127 541 2188 tuae
564 2143 678 2188 suaves
697 2123 778 2188 mihi
801 2126 897 2207 atque
921 2127 1050 2207 optatae
1071 2123 1127 2186 lue-

185 2215 271 2296 runt,
294 2215 326 2276 et
348 2213 439 2295 liber,
462 2233 557 2295 quem
581 2211 622 2274 ad
645 2233 696 2276 me
719 2211 845 2295 misisti,
868 2213 980 2292 multis¹
1002 2212 1128 2277 nomini-

184 2302 246 2366 bus
274 2300 467 2365 carissimus.
516 2299 661 2364 Primum
689 2301 775 2385 quod
805 2301 1049 2386 ingrauescente
1073 2301 1128 2363 iam

186 2391 301 2473 aetate,
325 2409 396 2453 sero
419 2388 548 2474 quidem
571 2385 678 2474 (video
706 2389 805 2474 enim,
834 2393 955 2473 quanto
982 2391 1016 2454 id
1038 2393 1129 2453 matu-

185 2480 252 2544 rius
274 2478 379 2542 laoere
403 2475 595 2563 debuerim),
624 2477 679 2542 sed
702 2481 811 2543 tamen
834 2479 956 2564 aliquo,
979 2482 1017 2544 ut
1038 2499 1129 2562 spero,

187 2589 259 2634 oum
282 2567 389 2632 fructu
410 2567 446 2631 in
469 2588 632 2632 sacrorum
654 2565 810 2631 librorum
837 2567 976 2632 lectione
999 2566 1130 2653 quotidie

186 2656 341 2743 temporis
369 2656 489 2741 aliquid
515 2676 635 2740 ponere
667 2655 808 2740 institui,
839 2657 943 2741 magis
975 2656 1130 2740 magisque

186 2747 222 2813 in
245 2747 312 2812 dies
335 2745 532 2831 perspiciens
556 2745 619 2810 alia
642 2745 751 2810 omnia
778 2743 888 2809 inania
915 2766 998 2829 esse,
1026 2767 1063 2809 ex
1091 2743 1130 2805 eia

188 2837 265 2902 solis
292 2858 401 2900 veram
415 2834 529 2898 'animi
556 2833 709 2918 quietem,
737 2833 875 2898 solidum
904 2836 937 2898 et
959 2833 1070 2898 efficax
1089 2852 1130 2894 re-

188 2925 328 2992 medium
352 2924 503 2990 adversus
525 2922 690 3006 improbas
709 2922 909 3007 cupiditates,
930 2921 1129 2988 certissimam

188 3015 417 3098 molestiarum,
440 3011 556 3096 quibus
578 3011 614 3076 in
636 3013 697 3078 hae
710 3011 778 3076 vita
793 3010 1027 3088 ,conflictantur
1046 3010 1129 3074 etiam

188 3190 277 3255 Mihi
286 3195 402 3276 autem,
425 3211 619 3275 quamquam
642 3191 680 3266 in
701 3189 772 3254 aliis
795 3189 910 3254 studiis
924 3189 1057 3253 minoris
1075 3209 1130 3251 mo·

189 3280 291 3344 menti
313 3300 381 3342 non
403 3299 535 3361 prorsus
549 3279 767 3362 inexercitato,
789 3277 825 3342 in
842 3277 893 3342 his
916 3280 1027 3342 tamen
1048 3279 1131 3362 plane

189 3367 297 3450 tironi,
320 3366 423 3429 multa
451 3371 636 3443 occurrunt,
658 3367 693 3431 in
716 3366 832 3451 quibus
854 3366 1020 3450 haeream,
1042 3384 1131 3448 neque

190 3455 271 3520 satis
293 3455 362 3537 ipse
389 3474 447 3535 per
473 3473 524 3516 me
552 3455 711 3538 explicare
739 3477 791 3518 me
814 3455 945 3538 possim.
989 3453 1039 3520 Ao
1060 3452 1131 3517 facio

191 3543 321 3626 quidem
353 3540 438 3626 quod
470 3537 576 3606 Moses
608 3542 711 3626 iubet,
747 3545 785 3607 ut
819 3542 1018 3628 interrogem
1052 3561 1133 3606 senes
