2360 3944
182 194 223 258 38
560 189 696 245 carrio
715 189 759 242 iu.
794 215 798 225 ·

181 339 316 402 iniiciat:
331 374 373 383 —
388 337 444 401 sed
462 339 499 400 ut
516 336 603 399 nudo
623 357 660 398 ac
680 335 817 418 simplici
837 335 993 399 orationis
1013 357 1129 420 genere,

183 429 276 510 quale
303 423 447 490 veritatis
479 425 645 508 proprium
673 445 741 486 esse
770 423 816 486 ait
842 422 1061 510 Euripides*),
1090 447 1128 509 ea,

182 537 263 598 quae
287 515 328 578 ad
350 537 418 578 rem
440 514 546 576 facere
569 513 775 594 videbuntur,
799 533 968 594 exponam.

247 604 391 668 Primum
417 603 517 686 igitur
532 623 611 665 non
634 601 751 663 artium
774 601 884 683 modo,
916 601 972 664 sed
996 602 1129 665 omnium

183 693 314 756 omnino
341 692 556 756 humanarum
578 711 684 752 rerum
708 689 900 772 dignitatem
924 694 1020 772 atque
1049 713 1129 773 prae·

170 782 336 844 'stantiam
350 802 388 844 ex
410 781 487 862 fine,
511 779 551 841 ad
566 799 660 861 quem
679 799 789 840 earum
813 799 958 860 quaeque
983 778 1130 863 dirigitur,

183 891 339 952 quemque
362 869 423 932 sibi
451 867 617 951 proponit,
644 866 743 948 pendi
771 887 808 928 ac
837 867 977 948 spectari
1001 867 1130 932 arbitror

183 962 346 1040 oportere,
366 959 416 1040 ut,
444 960 564 1039 quanto
588 955 740 1036 cuiusque
763 954 837 1018 finis
860 957 1130 1037 praestantiores

183 1046 320 1109 divinior
343 1048 404 1128 est,
432 1048 524 1108 tanto
553 1045 624 1126 ipsa
647 1043 761 1106 ceteris
790 1044 944 1107 excellere
972 1045 1129 1108 iudicetur.

184 1133 253 1207 Quo
277 1133 382 1216 posito
406 1170 447 1178 -
472 1137 521 1196 est
543 1133 629 1196 enim
651 1133 698 1195 ita
720 1133 938 1216 perspicuum,
966 1136 1004 1196 ut
1026 1135 1130 1216 proba-

182 1223 280 1285 tionis
312 1243 380 1286 non
414 1221 570 1305 indigeat,
603 1258 644 1266 -—
680 1222 751 1303 quis
787 1241 932 1302 unquam
963 1223 1130 1304 reperietur

183 1314 276 1374 tanta
299 1311 330 1374 vi
353 1310 516 1394 praeditus
541 1309 677 1394 ingenii,
704 1312 797 1372 tanta
820 1310 1026 1392 eloquentiae
1049 1311 1130 1394 copia

182 1400 372 1482 instructus,
399 1399 453 1481 qui
477 1421 509 1462 se
538 1400 576 1462 de
599 1398 805 1481 philosophia·
827 1419 886 1481 pro
910 1399 1014 1481 ipsius
1038 1400 1130 1484 digni-

182 1491 249 1550 tate
276 1489 374 1552 rerba
400 1488 506 1550 facere
535 1509 630 1570 posse
658 1486 821 1551 confidat?
862 1485 940 1551 Non
970 1488 1058 1550 enim
1083 1489 1130 1550 illa

184 1577 245 1638 sibi
277 1597 353 1658 opes
386 1583 422 1639 ac
450 1576 572 1658 copias,
605 1597 685 1658 quae
714 1579 746 1637 et
774 1597 869 1658 saepe
898 1577 1129 1658 possessoribus

183 1665 248 1726 suis
268 1664 364 1727 exitio
389 1667 465 1728 sunt
484 1668 602 1727 ettam
620 1665 729 1726 multis
749 1664 875 1728 casibus
894 1664 975 1748 eripi
994 1671 1130 1748 possunt,

182 1773 250 1815 non
271 1752 410 1816 honores
434 1755 466 1816 et
488 1752 634 1834 imperia,
663 1773 743 1834 quae
771 1753 857 1835 quod
886 1755 1130 1836 concupiverint,

183 1840 288 1922 multi,
312 1841 396 1924 quod
416 1845 604 1924 aspernatus
620 1841 674 1921 sit,
697 1862 791 1904 nemo
811 1863 955 1923 unquam
979 1843 1130 1926 vitupera-

182 1931 235 1992 tus
250 1932 307 2012 est,
321 1951 389 1994 non
398 1930 571 2012 quidquam
581 1930 716 2012 denique
727 1931 880 2012 proponit
894 1932 1062 2014 eiusmodi,
1076 1952 1130 2014 quo

183 2023 215 2081 et
243 2015 349 2082 caiere
378 2019 446 2082 sine
473 2019 591 2101 probro
621 2022 653 2081 et
681 2019 843 2081 abundare
873 2019 941 2082 sine
969 2021 1075 2104 gloria
1101 2020 1130 2081 li-

183 2111 266 2190 ceat,
285 2108 339 2171 sed
359 2129 443 2190 eam,
466 2107 505 2170 ad
521 2129 617 2190 quam
632 2129 742 2170 omnes
762 2106 941 2190 adspirant,
960 2129 1061 2190 quam
1078 2107 1131 2170 sibi

182 2197 267 2259 votis
304 2197 452 2258 omnibus
489 2199 655 2278 expetunt,
696 2197 736 2258 ad
777 2217 873 2278 quam
914 2217 1029 2260 onmes
1066 2218 1131 2260 suas

183 2284 325 2347 actiones
362 2283 532 2366 omniaque
569 2285 702 2348 consilia
742 2285 899 2366 referunt,
940 2284 1131 2349 felicitatem.

183 2370 310 2444 Quanto
339 2371 438 2456 igitur
465 2373 578 2436 ceteris
606 2372 754 2436 omnibus
782 2373 875 2436 bonis
904 2377 1050 2438 antestat
1071 2374 1131 2436 feli·

183 2461 275 2542 citas,
307 2465 400 2526 tanto
428 2461 634 2546 philosophia
661 2461 774 2524 ceteris
807 2461 932 2524 artibus
966 2463 1131 2526 antecellit.

183 2547 275 2622 Quod
299 2551 325 2612 si
348 2553 440 2614 tanto
461 2551 565 2614 studio
590 2551 740 2614 coluntur
754 2551 1034 2634 artesquaedam,
1058 2571 1131 2634 quae

181 2637 263 2700 nihil
287 2639 347 2702 sibi
370 2639 469 2722 aliud,
493 2661 589 2722 quam
611 2639 735 2702 lucrum
758 2640 790 2700 et
812 2639 858 2702 rei
880 2639 1050 2703 familiaris
1073 2661 1131 2702 am·

182 2726 410 2810 plifioationem
445 2731 515 2791 turn
550 2729 718 2809 incertam,
753 2729 823 2790 tum
858 2727 978 2791 laboris
1011 2749 1049 2792 ae
1084 2748 1131 2810 pe·

181 2816 274 2880 riculi
297 2817 426 2900 plenam
450 2820 649 2900 proponunt,
673 2819 794 2898 quanto
814 2815 893 2880 haec
913 2815 1018 2880 studio
1040 2817 1131 2901 digna

181 2908 243 2988 est,
267 2927 330 2990 qua
352 2910 509 2990 parantur
532 2927 624 2969 verae
648 2905 722 2968 illae
741 2926 818 2987 opes
838 2903 950 2988 animi,
974 2925 1056 2987 quae
1071 2925 1131 2968 non

180 2995 268 3060 furto
297 2995 390 3080 eripi,
418 3016 485 3058 non
512 2994 660 3058 incendio
694 2993 832 3076 absumi,
854 3014 931 3056 ¹non
964 2993 1132 3077 naufragio

177 3084 346 3148 absorberi
369 3087 517 3168 possunt,
541 3105 684 3167 quaeque
708 3085 827 3146 certam
850 3084 1033 3163 rectamque
1052 3081 1133 3145 viam

182 3177 437 3236 commonstrant
455 3173 496 3235 ad
518 3171 774 3255 persequendum
795 3171 829 3234 id
852 3171 985 3250 bouum,
1008 3191 1073 3252 quo
1089 3191 1133 3232 ce-

176 3262 250 3322 tera
274 3263 382 3324 omnia
406 3260 633 3324 eontinentur?
671 3259 705 3324 Si
727 3262 819 3324 tanto
843 3259 877 3322 in
900 3259 1022 3322 honore
1039 3257 1133 3321 medi-

155 3459 158 3466 *
182 3539 195 3561 η
232 3471 262 3539 *)
287 3470 383 3538 Eurip.
401 3467 545 3522 Phoeniss.
567 3476 627 3525 469.
661 3464 768 3531 ἁπλοῦς
788 3464 802 3523 ὁ
823 3469 915 3539 μῦθος
933 3468 981 3536 τῆς
998 3460 1135 3535 ἀληθείας

181 3563 243 3613 εφυ.
