2326 3942
186 235 251 302 194
551 233 688 292 ORATIO
708 233 782 290 XIX.

187 381 396 464 Graecorum,
419 378 667 462 Germanorum,
694 377 927 443 Britannorum
950 379 1138 462 aliarumque

186 471 333 556 gentium
357 491 394 534 ac
415 469 585 534 nationum
608 467 756 552 collegia,
777 489 874 552 quam
896 467 1031 532 totidem
1043 468 1139 550 aperti

186 564 220 624 et
247 559 386 643 expositi
413 557 562 622 omnibus
589 556 755 642 religionis
782 559 815 622 et
845 557 1003 622 bonarum
1030 557 1138 620 artium

185 649 308 731 fontes,
339 648 380 712 ab
408 646 598 712 inexhausto
626 644 808 730 pontificiae
831 644 1036 710 liberalitatis
1058 644 1139 708 fonte

186 735 379 802 manantes?
433 735 517 812 Quid
548 735 677 800 scholae
707 737 851 818 nostrae,
888 755 969 818 quaa
1006 733 1139 818 quotidie

185 829 237 890 tot
268 825 557 890 eruditissimorum
592 823 761 888 hominum
796 822 928 888 vocibus
963 825 1141 906 personant,

188 915 304 1000 quibus
332 915 402 998 ipse
425 907 559 996 maiora,
587 934 685 997 quarn
708 912 848 997 ,quisque
871 914 945 978 autc
968 932 1043 976 eum
1064 909 1140 976 Pon-

186 1003 279 1086 tifex,
301 1002 444 1086 praemia
458 1001 584 1084 statuit,
608 1001 684 1086 quid
698 1000 785 1066 aliud
808 1022 906 1085 quam
928 999 1142 1064 incredibilem

187 1089 1145 1256 {dllit‘bldbtlnltlllimmittet

972 1227 985 1261 7

188 1290 285 1354 quam
317 1269 432 1353 opibus
464 1269 719 1352 instructionum,
756 1267 873 1353 quibus
904 1267 974 1351 ipsc
1006 1265 1144 1330 subsidia

186 1357 273 1424 vitae
304 1359 394 1444 large
426 1358 611 1443 prolixoque
644 1356 850 1440 suppeditat?
881 1359 921 1422 ut
948 1377 1017 1421 non
1043 1354 1144 1419 verim

187 1446 338 1514 Bononia
360 1449 537 1512 studiorum
565 1449 668 1512 mater
694 1467 791 1530 quam
817 1445 846 1510 is
869 1445 960 1528 civis,
987 1465 1052 1530 quo
1081 1445 1147 1526 ipsa

188 1537 327 1602 maxime
351 1537 520 1622 gloriatur,
543 1535 722 1600 studiorum
744 1537 837 1620 pater
858 1535 967 1600 vocari
989 1539 1098 1618 queat.

255 1625 302 1688 At
314 1629 364 1709 tu,
378 1624 531 1688 Laurenti
544 1623 744 1707 Blanchette,
757 1625 807 1690 vir
820 1623 1005 1706 clarissimo,
1020 1622 1145 1709 qnando

188 1733 250 1776 nos
272 1713 342 1796 ipse
364 1713 399 1777 in
421 1713 483 1782 fide
497 1734 535 1778 ac
557 1712 738 1796 patrocinio
756 1716 814 1778 tuo
827 1734 898 1780 esse
911 1712 1026 1796 voluit,
1050 1734 1145 1798 quan-

188 1804 259 1866 tum
282 1801 367 1885 apud
390 1823 463 1866 sum
485 1805 592 1886 potes,
614 1801 701 1886 quod
722 1805 755 1868 te
776 1801 952 1886 plurimum
972 1823 1072 1884 posse
1093 1800 1145 1874 soi-

189 1911 275 1976 mus,
301 1894 429 1955 tantum
457 1890 566 1955 confer
593 1891 634 1954 ad
660 1894 829 1974 paternam
856 1891 956 1978 ipsius
984 1910 1064 1975 erga
1092 1911 1146 1953 nos

188 1981 388 2046 voluntatem
410 1980 514 2065 magis
540 1979 708 2066 magisque
736 1980 772 2046 in
799 1979 866 2044 dies
889 1976 1162 2060 commendam„

188 2067 295 2134 Multa
315 2071 380 2134 iam
402 2069 504 2153 ipsius
527 2069 727 2155 benignitate
749 2069 914 2134 consecuti
935 2089 1062 2150 snmus3
1092 2088 1162 2151 ego*

191 2158 320 2241 quidem
346 2160 439 2242 plura
462 2161 506 2224 et'
522 2158 657 2242 maiora,
684 2179 782 2242 quam
804 2161 902 2223 ntea
927 2178 978 2222 me
1005 2178 1147 2242 unquam

188 2247 438 2327 promeriturum
474 2267 544 2312 esse
580 2245 747 2314 confidam.
796 2245 859 2312 Sed
894 2246 962 2312 alia
992 2246 1147 2331 quaedam

191 2338 267 2398 sunt
288 2355 348 2398 nec
374 2335 486 2420 iniqua
512 2357 572 2400 nec
597 2335 764 2419 inusitata,
792 2357 886 2421 quae,
912 2339 950 2400 ut
974 2335 1054 2400 alibi
1078 2356 1147 2400 eon-

191 2422 360 2506 ccduntur,
388 2424 415 2488 si
442 2423 496 2490 hic
524 2446 649 2510 quoque
673 2424 933 2507 concederentur,
959 2423 1149 2490 mirabiliter

190 2514 225 2574 et
245 2511 464 2594 professorum
487 2515 520 2576 et
543 2513 760 2580 studiosorum
781 2513 1032 2578 adolescentium
1050 2511 1160 2580 animi

189 2599 231 2664 ad
245 2600 354 2664 omnia
367 2601 498 2686 egregia
512 2603 767 2670 accenderenbir.
798 2602 849 2668 Ea
869 2603 943 2686 tibi,
966 2623 1040 2667 cum
1053 2603 1150 2681 voles,

190 2689 367 2772 exposituri
395 2712 519 2774 sumus,
547 2695 581 2755 et
606 2713 664 2775 per
690 2695 723 2756 te
750 2691 872 2776 aliquid
897 2713 957 2756 nos
980 2690 1149 2756 effeetums

189 2799 260 2843 osse
284 2779 479 2844 confidimus.
525 2777 657 2864 Suscipe
684 2781 912 2866 cogitationem
942 2784 975 2844 tc
1002 2779 1159 2864 dignamu

188 2889 270 2952 para
301 2868 362 2934 tibi
396 2869 674 2935 immortalitatem
705 2870 790 2954 apud
822 2890 934 2936 omnes
969 2868 1150 2934 litterarum

188 2960 350 3042 amantes,
381 2961 414 3022 et
445 2957 583 3042 gratiam
615 2960 648 3022 et
679 2959 829 3042 gloriam3
866 2959 993 3042 perfice,
1025 2961 1064 3021 ut
1098 2977 1158 3022 eae,

189 3051 290 3131 artes,
314 3069 395 3132 quae
417 3047 452 3112 in
469 3051 502 3112 te
520 3049 648 3112 tantum
662 3052 923 3113 ornamentorum
937 3048 1154 3128 contulcnrnt,

187 3135 279 3286 ipim
299 3136 445 3286 picissim
468 3139 730 3230 ornamentorum
753 3136 873 3222 aliquid
895 3137 956 3202 tibi
978 3157 1013 3203 se
1036 3136 1155 3201 debere

203 3244 222 3286 a
238 3245 298 3286 ean
315 3245 361 3288 ur.
1156 3255 1157 3286 r
