2360 3944
180 159 221 219 10
566 155 702 211 ORATIO
721 157 741 210 Ι.

179 301 244 364 suis
277 321 407 384 operam
438 299 646 382 praestitisse.
687 297 771 373 Quid
802 299 858 363 illa
889 301 1139 382 propugnacula

179 387 344 471 Graeciae,
375 387 544 470 Periclem,
576 386 840 470 Themistoclem,
871 386 1139 471 Epaminondam

178 476 315 560 loquar?
352 475 435 552 Quid
462 476 519 539 illa
544 474 684 539 Romani
711 475 838 559 imperii
865 475 1040 560 columina,
1070 474 1139 540 Sci·

179 565 307 648 piones,
330 563 494 647 Lucullos,
516 561 648 646 Fabios,
671 561 856 646 Marcellos,
877 564 1021 646 aliosque
1040 565 1138 628 innu-

179 653 347 716 merabiles
370 651 554 736 proferam?
582 673 662 734 quos
685 673 796 714 omnes
820 672 893 714 cum
919 651 1043 716 bellicis
1067 653 1137 716 lau-

180 741 273 804 dibus
287 741 405 823 claros,
418 743 489 803 tum
501 742 704 822 praestantes
718 739 883 804 doctrinae
902 739 1016 804 studiis
1034 739 1138 804 fuisse

179 828 333 893 historiae
364 829 548 911 loquuntur.
592 825 679 891 Nam
709 826 828 891 Iulium
860 824 1031 891 Caesarem
1064 830 1138 912 quis

179 917 295 998 nescit,
326 920 399 980 utra
430 915 524 978 laude
551 918 742 998 praestaret,
775 916 963 1000 ambiguum
994 919 1139 1000 posteris

179 1003 368 1088 reliquisse?
404 1003 525 1068 Brutus
544 1007 652 1067 autem
671 1007 791 1087 quanto
814 1004 995 1068 litterarum
1019 1005 1137 1070 ardore

179 1092 373 1176 flagraverit,
386 1093 485 1158 velex
495 1113 532 1156 eo
543 1092 652 1176 colligi
665 1095 781 1176 potest,
794 1092 880 1174 quod
894 1113 933 1156 ea
945 1093 1017 1177 ipsa
1029 1098 1139 1178 nocte,

179 1201 262 1262 quae
289 1184 425 1244 mortem
448 1180 553 1266 ⁴ipsius
581 1180 766 1261 antecessit,
792 1178 939 1244 Platonis
968 1180 1139 1266 dialogum

180 1268 219 1332 de
234 1269 415 1332 animorum
431 1268 673 1333 immortalitate
686 1268 802 1352 legisse
820 1268 990 1351 aliquoties
1009 1269 1139 1333 dicitur.

179 1356 287 1440 Atque
309 1357 372 1422 hoc
394 1358 557 1441 praeclare
580 1355 657 1420 olim
684 1355 879 1420 intellexisse
901 1357 1052 1421 videntur
1075 1357 1138 1421 Mi·

179 1446 329 1529 tylenaei,
343 1446 548 1529 praecipuam
562 1465 630 1508 esse
644 1443 679 1508 in
688 1444 852 1527 republica
865 1444 931 1508 vim
944 1445 1138 1530 litterarum,

181 1535 249 1615 qui,
281 1556 361 1618 quos
388 1535 525 1619 populos
557 1530 642 1597 bello
675 1529 910 1618 devicerant*),
937 1535 1061 1597 nullam
1089 1536 1138 1599 eis

181 1621 278 1684 aliam
300 1642 439 1704 poenam
460 1621 663 1706 irrogabant,
689 1621 766 1703 nisi,
792 1624 830 1684 ut
852 1642 894 1684 ne
915 1621 1033 1686 liberos
1058 1643 1138 1687 suos

180 1708 306 1772 litteras
333 1709 512 1773 edocerent.
553 1706 706 1772 Sciebant
731 1708 892 1792 videlicet,
923 1730 977 1772 eas
1004 1713 1138 1774 tantum

182 1796 329 1860 civitates
351 1797 464 1861 florere
487 1818 594 1881 posse,
623 1797 658 1859 in
681 1796 796 1879 quibus
823 1797 1004 1862 litterarum
1027 1799 1139 1862 studia

182 1885 371 1950 colerentur.
408 1881 506 1964 Cuius
528 1885 576 1949 rei
598 1904 655 1948 cur
676 1883 807 1948 tandem
835 1885 964 1950 aliunde
988 1889 1139 1971 exempla
1178 1925 1179 1953 l

181 1973 386 2056 repetamus?
421 1972 476 2038 An
498 1993 588 2057 vero,
615 1973 713 2056 cives,
741 1973 826 2056 quod
853 1974 942 2058 riget
962 1973 1061 2040 hodie
1082 1998 1139 2040 ve·
1177 2017 1178 2045 l

182 2065 250 2125 stra
271 2062 464 2146 respublica,
491 2062 578 2146 quod
599 2060 705 2144 floret,
728 2061 814 2143 quod
836 2061 933 2125 beata
955 2065 1016 2146 est,
1040 2065 1140 2148 quod,
1176 2109 1177 2137 1

182 2171 255 2212 cum
278 2155 402 2213 ceterae
429 2151 516 2214 orbis
542 2149 684 2212 universi
709 2152 817 2232 partes
844 2150 1042 2234 gravissimis
1070 2153 1140 2218 bel·
1175 2195 1176 2229 ,

182 2236 287 2300 lorum
313 2237 559 2320 tempestatibus
587 2237 763 2321 agitentur,
789 2259 856 2302 una
878 2238 958 2302 haec
981 2236 1083 2324 (quod
1109 2244 1140 2306 ei
1174 2291 1175 2321 ,

182 2323 271 2388 Deus
299 2328 365 2408 opt.
392 2346 474 2389 max.
500 2325 666 2410 proprium
693 2346 731 2389 ac
758 2329 950 2410 perpetuum
975 2326 1073 2415 faxit)
1103 2331 1142 2394 in
1173 2389 1174 2413 ,

183 2433 261 2496 pace
284 2417 380 2496 atque
403 2413 437 2477 iu
457 2415 524 2479 otio
542 2413 752 2496 conquiescit,
775 2415 904 2479 aliunde
926 2415 959 2479 id
981 2416 1053 2480 fieri
1071 2439 1141 2482 cre·
1172 2475 1173 2503 ,

183 2501 259 2564 ditis
264 2523 388 2585 ,quam
407 2502 493 2585 quod
512 2502 542 2565 ei
560 2504 593 2566 et
605 2504 760 2584 praesunt
772 2501 920 2568 homines
934 2525 1007 2568 cum
1020 2508 1141 2571 ceteris
1171 2561 1172 2595 ,

184 2551 346 2672 omnibus,
373 2593 443 2654 tum
470 2590 531 2654 hac
558 2589 748 2654 eruditionis
775 2593 809 2654 et
835 2592 1011 2674 sapientiae
1040 2595 1143 2659 laude
1170 2657 1171 2688 ,

184 2677 365 2759 clarissimi,
393 2681 426 2742 et
448 2698 573 2761 semper
595 2699 705 2762 eorum
728 2678 882 2744 simillimi
903 2681 1143 2764 praefuerunt?

183 2764 210 2829 0
234 2765 340 2830 divine
353 2765 461 2849 Plat,o
412 2769 540 2830 ttua
562 2769 639 2830 sunt
652 2767 761 2831 omnia
783 2771 817 2832 et
838 2769 924 2833 dicte
937 2773 970 2833 et
992 2771 1169 2872 cogitata,

181 2855 354 2939 praeclare
377 2853 427 2919 Tu
440 2816 543 2920 dicere
557 2855 693 2937 solebas,
704 2859 784 2920 tunc
797 2857 925 2922 demum
938 2823 1169 2942 respublicas

181 2943 293 3009 beatas
307 2943 386 3027 fore,
400 2965 473 3008 oum
487 2965 541 3008 eas
555 2946 613 3008 aut
625 2905 811 3028 philosophi
823 2945 1003 3029 coepissent
1015 2968 1147 3034 regere,

182 3036 240 3096 aut
253 3055 308 3116 qm
299 2993 484 3118 regbrent,
506 3032 737 3117 philosophari
769 3031 874 3098 Tuum
891 3034 954 3098 hoc
967 3037 1147 3119 sapientis·

183 3121 298 3184 simum
318 3123 482 3188 oraculum
500 3125 613 3206 perpet
614 3143 656 3185 ua
678 3121 744 3186 iam
765 3122 853 3186 mille
876 3123 1012 3207 amplius
1036 3145 1148 3191 anno

182 3229 254 3272 rum
276 3208 430 3274 felicitate
454 3209 561 3275 Venet
546 3214 654 3275 torum
676 3210 858 3294 respublica
880 3213 1118 3296 comprobavit.

235 3346 260 3416 ³¹³)
280 3346 413 3402 Aelianus
435 3346 469 3402 V.
484 3346 518 3401 H.
537 3347 597 3401 VII.
618 3354 658 3403 15.
682 3347 756 3402 unde
778 3348 848 3404 hacc
871 3348 1056 3418 dictasunt,
1083 3371 1127 3408 no

181 3417 311 3471 hostibus
330 3417 449 3472 demotis
467 3417 540 3472 hanc
562 3434 684 3503 poenam
704 3419 888 3475 constitutam
902 3419 987 3489 dicit,
1010 3394 1061 3476 sed
1080 3443 1132 3478 τοι
1126 3424 1147 3491 ’ἱ

182 3481 440 3556 ἄφιτσαμένοιτςω
442 3503 635 3557 νιιιισμμαχω
611 3488 766 3542 v.ltuhnk
