<?xml version="1.0" encoding="UTF-8"?>
<!DOCTYPE html PUBLIC "-//W3C//DTD XHTML 1.0 Transitional//EN"
    "http://www.w3.org/TR/xhtml1/DTD/xhtml1-transitional.dtd">
<html xmlns="http://www.w3.org/1999/xhtml" xml:lang="en" lang="en">
 <head>
  <title>
</title>
<meta http-equiv="Content-Type" content="text/html;charset=utf-8" />
  <meta name='ocr-system' content='tesseract 3.04.00' />
  <meta name='ocr-capabilities' content='ocr_page ocr_carea ocr_par ocr_line ocrx_word'/>
</head>
<body>
  <div class='ocr_page' id='page_1' title='image "./mantoniimuretis00freygoog_0136.png"; bbox 0 0 2330 3944; ppageno 0'>
   <div class='ocr_carea' id='block_1_1' title="bbox 391 255 993 320">
    <p class='ocr_par' dir='ltr' id='par_1_1' title="bbox 391 255 993 320">
     <span class='ocr_line' id='line_1_1' title="bbox 391 255 993 320; baseline -0.003 -8"><span class='ocrx_word' id='word_1_1' title='bbox 391 255 526 312; x_wconf 83' lang='lat' dir='ltr'><strong>ORATIO</strong></span> <span class='ocrx_word' id='word_1_2' title='bbox 546 255 606 311; x_wconf 86' lang='lat' dir='ltr'>XII.</span> <span class='ocrx_word' id='word_1_3' title='bbox 930 256 993 320; x_wconf 83' lang='grc'><strong>123</strong></span> 
     </span>
    </p>
   </div>
   <div class='ocr_carea' id='block_1_2' title="bbox 48 387 993 1372">
    <p class='ocr_par' dir='ltr' id='par_1_2' title="bbox 48 387 993 1372">
     <span class='ocr_line' id='line_1_2' title="bbox 53 387 991 486; baseline 0.007 -25"><span class='ocrx_word' id='word_1_4' title='bbox 53 396 88 462; x_wconf 84' lang='grc' dir='ltr'><strong>Τὸ</strong></span> <span class='ocrx_word' id='word_1_5' title='bbox 108 395 168 480; x_wconf 79' lang='grc' dir='ltr'><strong>γὰρ</strong></span> <span class='ocrx_word' id='word_1_6' title='bbox 191 387 232 462; x_wconf 83' lang='grc' dir='ltr'><strong>εὖ</strong></span> <span class='ocrx_word' id='word_1_7' title='bbox 253 393 444 481; x_wconf 56' lang='lat' dir='ltr'><strong>widqueri,</strong></span> <span class='ocrx_word' id='word_1_8' title='bbox 468 402 515 466; x_wconf 88' lang='lat' dir='ltr'><strong>ait</strong></span> <span class='ocrx_word' id='word_1_9' title='bbox 536 402 645 466; x_wconf 87' lang='lat' dir='ltr'><strong>nescio</strong></span> <span class='ocrx_word' id='word_1_10' title='bbox 669 402 740 485; x_wconf 92' lang='lat' dir='ltr'><strong>quis</strong></span> <span class='ocrx_word' id='word_1_11' title='bbox 764 401 850 486; x_wconf 90' lang='lat' dir='ltr'><strong>apud</strong></span> <span class='ocrx_word' id='word_1_12' title='bbox 867 400 991 468; x_wconf 87' lang='lat' dir='ltr'><strong>Aristo·</strong></span> 
     </span>
     <span class='ocr_line' id='line_1_3' title="bbox 49 487 990 576; baseline 0.003 -24"><span class='ocrx_word' id='word_1_13' title='bbox 49 487 221 576; x_wconf 81' lang='lat' dir='ltr'><strong>phanem*).</strong></span> <span class='ocrx_word' id='word_1_14' title='bbox 261 489 307 554; x_wconf 86' lang='lat' dir='ltr'><strong>Et</strong></span> <span class='ocrx_word' id='word_1_15' title='bbox 333 489 437 554; x_wconf 86' lang='lat' dir='ltr'><strong>habeo</strong></span> <span class='ocrx_word' id='word_1_16' title='bbox 465 511 533 554; x_wconf 93' lang='lat' dir='ltr'><strong>non</strong></span> <span class='ocrx_word' id='word_1_17' title='bbox 561 490 794 574; x_wconf 79' lang='lat' dir='ltr'><strong>subscriptores</strong></span> <span class='ocrx_word' id='word_1_18' title='bbox 818 494 914 574; x_wconf 87' lang='lat' dir='ltr'><strong>atque</strong></span> <span class='ocrx_word' id='word_1_19' title='bbox 938 491 990 556; x_wconf 91' lang='lat' dir='ltr'><strong>ad·</strong></span> 
     </span>
     <span class='ocr_line' id='line_1_4' title="bbox 48 577 992 662; baseline 0.002 -21"><span class='ocrx_word' id='word_1_20' title='bbox 48 577 254 661; x_wconf 74' lang='lat' dir='ltr'><strong>stipulatores,</strong></span> <span class='ocrx_word' id='word_1_21' title='bbox 287 577 343 642; x_wconf 90' lang='lat' dir='ltr'><strong>sed</strong></span> <span class='ocrx_word' id='word_1_22' title='bbox 370 580 517 643; x_wconf 84' lang='lat' dir='ltr'><strong>auctores</strong></span> <span class='ocrx_word' id='word_1_23' title='bbox 549 579 658 662; x_wconf 89' lang='lat' dir='ltr'><strong>potius</strong></span> <span class='ocrx_word' id='word_1_24' title='bbox 689 579 785 644; x_wconf 89' lang='lat' dir='ltr'><strong>huius</strong></span> <span class='ocrx_word' id='word_1_25' title='bbox 813 579 992 644; x_wconf 85' lang='lat' dir='ltr'><strong>sententiae</strong></span> 
     </span>
     <span class='ocr_line' id='line_1_5' title="bbox 48 667 993 751; baseline 0.003 -22"><span class='ocrx_word' id='word_1_26' title='bbox 48 687 124 730; x_wconf 86' lang='lat' dir='ltr'><strong>meae</strong></span> <span class='ocrx_word' id='word_1_27' title='bbox 155 688 210 731; x_wconf 90' lang='lat' dir='ltr'><strong>eos</strong></span> <span class='ocrx_word' id='word_1_28' title='bbox 243 667 343 751; x_wconf 84' lang='lat' dir='ltr'><strong>viros,</strong></span> <span class='ocrx_word' id='word_1_29' title='bbox 375 688 511 751; x_wconf 89' lang='lat' dir='ltr'><strong>quorum</strong></span> <span class='ocrx_word' id='word_1_30' title='bbox 543 667 735 733; x_wconf 88' lang='lat' dir='ltr'><strong>auctoritate</strong></span> <span class='ocrx_word' id='word_1_31' title='bbox 766 671 856 732; x_wconf 86' lang='lat' dir='ltr'><strong>tutus</strong></span> <span class='ocrx_word' id='word_1_32' title='bbox 886 671 993 732; x_wconf 82' lang='lat' dir='ltr'><strong>totum</strong></span> 
     </span>
     <span class='ocr_line' id='line_1_6' title="bbox 48 753 991 840; baseline 0.005 -23"><span class='ocrx_word' id='word_1_33' title='bbox 48 755 122 819; x_wconf 86' lang='lat' dir='ltr'><strong>istud</strong></span> <span class='ocrx_word' id='word_1_34' title='bbox 157 776 343 820; x_wconf 88' lang='lat' dir='ltr'><strong>sermonum</strong></span> <span class='ocrx_word' id='word_1_35' title='bbox 379 776 481 840; x_wconf 87' lang='lat' dir='ltr'><strong>genus</strong></span> <span class='ocrx_word' id='word_1_36' title='bbox 513 777 581 821; x_wconf 93' lang='lat' dir='ltr'><strong>non</strong></span> <span class='ocrx_word' id='word_1_37' title='bbox 613 756 805 832; x_wconf 50' lang='lat' dir='ltr'><strong>extimesco,</strong></span> <span class='ocrx_word' id='word_1_38' title='bbox 840 753 991 840; x_wconf 91' lang='lat' dir='ltr'><strong>Propono</strong></span> 
     </span>
     <span class='ocr_line' id='line_1_7' title="bbox 48 843 992 929; baseline 0.001 -22"><span class='ocrx_word' id='word_1_39' title='bbox 48 844 126 908; x_wconf 79' lang='lat' dir='ltr'><strong>uobis</strong></span> <span class='ocrx_word' id='word_1_40' title='bbox 153 844 417 929; x_wconf 78' lang='lat' dir='ltr'><strong>gravissnnorum</strong></span> <span class='ocrx_word' id='word_1_41' title='bbox 445 844 638 929; x_wconf 88' lang='lat' dir='ltr'><strong>scriptorum</strong></span> <span class='ocrx_word' id='word_1_42' title='bbox 670 844 770 910; x_wconf 89' lang='lat' dir='ltr'><strong>libros</strong></span> <span class='ocrx_word' id='word_1_43' title='bbox 803 843 992 910; x_wconf 89' lang='lat' dir='ltr'><strong>utilissimos</strong></span> 
     </span>
     <span class='ocr_line' id='line_1_8' title="bbox 49 932 992 1016; baseline 0.001 -20"><span class='ocrx_word' id='word_1_44' title='bbox 49 936 74 995; x_wconf 87' lang='lat' dir='ltr'><strong>et</strong></span> <span class='ocrx_word' id='word_1_45' title='bbox 100 933 284 1016; x_wconf 85' lang='lat' dir='ltr'><strong>aptissimos</strong></span> <span class='ocrx_word' id='word_1_46' title='bbox 317 932 357 996; x_wconf 88' lang='lat' dir='ltr'><strong>ad</strong></span> <span class='ocrx_word' id='word_1_47' title='bbox 388 954 498 996; x_wconf 87' lang='lat' dir='ltr'><strong>veram</strong></span> <span class='ocrx_word' id='word_1_48' title='bbox 530 937 563 998; x_wconf 88' lang='lat' dir='ltr'><strong>et</strong></span> <span class='ocrx_word' id='word_1_49' title='bbox 595 932 731 999; x_wconf 89' lang='lat' dir='ltr'><strong>solidam</strong></span> <span class='ocrx_word' id='word_1_50' title='bbox 767 933 896 998; x_wconf 90' lang='lat' dir='ltr'><strong>laudem</strong></span> <span class='ocrx_word' id='word_1_51' title='bbox 928 934 992 998; x_wconf 89' lang='lat' dir='ltr'><strong>elo·</strong></span> 
     </span>
     <span class='ocr_line' id='line_1_9' title="bbox 49 1020 991 1106; baseline 0.003 -23"><span class='ocrx_word' id='word_1_52' title='bbox 49 1021 183 1103; x_wconf 84' lang='lat' dir='ltr'><strong>quentiae</strong></span> <span class='ocrx_word' id='word_1_53' title='bbox 217 1021 475 1106; x_wconf 87' lang='lat' dir='ltr'><strong>comparandam.</strong></span> <span class='ocrx_word' id='word_1_54' title='bbox 515 1020 556 1086; x_wconf 87' lang='lat' dir='ltr'><strong>In</strong></span> <span class='ocrx_word' id='word_1_55' title='bbox 588 1022 633 1086; x_wconf 87' lang='lat' dir='ltr'><strong>eis</strong></span> <span class='ocrx_word' id='word_1_56' title='bbox 663 1021 842 1086; x_wconf 82' lang='lat' dir='ltr'><strong>tractandis</strong></span> <span class='ocrx_word' id='word_1_57' title='bbox 874 1025 907 1086; x_wconf 88' lang='lat' dir='ltr'><strong>et</strong></span> <span class='ocrx_word' id='word_1_58' title='bbox 940 1043 991 1086; x_wconf 83' lang='lat' dir='ltr'><strong>ex·</strong></span> 
     </span>
     <span class='ocr_line' id='line_1_10' title="bbox 49 1107 992 1195; baseline -0.003 -22"><span class='ocrx_word' id='word_1_59' title='bbox 49 1110 190 1191; x_wconf 88' lang='lat' dir='ltr'><strong>plicandis</strong></span> <span class='ocrx_word' id='word_1_60' title='bbox 213 1110 261 1175; x_wconf 87' lang='lat' dir='ltr'><strong>ita</strong></span> <span class='ocrx_word' id='word_1_61' title='bbox 287 1131 408 1176; x_wconf 87' lang='lat' dir='ltr'><strong>versor:</strong></span> <span class='ocrx_word' id='word_1_62' title='bbox 436 1111 513 1176; x_wconf 93' lang='lat' dir='ltr'><strong>nolo</strong></span> <span class='ocrx_word' id='word_1_63' title='bbox 541 1111 716 1195; x_wconf 88' lang='lat' dir='ltr'><strong>quidquam</strong></span> <span class='ocrx_word' id='word_1_64' title='bbox 739 1107 992 1190; x_wconf 71' lang='grc' dir='ltr'><strong><em>φορτικώτερον</em></strong></span> 
     </span>
     <span class='ocr_line' id='line_1_11' title="bbox 50 1198 990 1283; baseline 0.003 -22"><span class='ocrx_word' id='word_1_65' title='bbox 50 1198 151 1283; x_wconf 84' lang='lat' dir='ltr'><strong>dicere,</strong></span> <span class='ocrx_word' id='word_1_66' title='bbox 181 1198 238 1264; x_wconf 90' lang='lat' dir='ltr'><strong>sed</strong></span> <span class='ocrx_word' id='word_1_67' title='bbox 264 1199 311 1264; x_wconf 88' lang='lat' dir='ltr'><strong>ita</strong></span> <span class='ocrx_word' id='word_1_68' title='bbox 334 1202 432 1282; x_wconf 85' lang='lat' dir='ltr'><strong>certe,</strong></span> <span class='ocrx_word' id='word_1_69' title='bbox 458 1202 497 1264; x_wconf 92' lang='lat' dir='ltr'><strong>ut</strong></span> <span class='ocrx_word' id='word_1_70' title='bbox 523 1199 562 1264; x_wconf 90' lang='lat' dir='ltr'><strong>de</strong></span> <span class='ocrx_word' id='word_1_71' title='bbox 584 1202 655 1265; x_wconf 85' lang='lat' dir='ltr'><strong>toto</strong></span> <span class='ocrx_word' id='word_1_72' title='bbox 678 1199 741 1264; x_wconf 89' lang='lat' dir='ltr'><strong>isto</strong></span> <span class='ocrx_word' id='word_1_73' title='bbox 768 1198 990 1264; x_wconf 87' lang='lat' dir='ltr'><strong>allatratorum</strong></span> 
     </span>
     <span class='ocr_line' id='line_1_12' title="bbox 49 1287 451 1372; baseline 0.002 -21"><span class='ocrx_word' id='word_1_74' title='bbox 49 1307 151 1372; x_wconf 82' lang='lat' dir='ltr'><strong>genere</strong></span> <span class='ocrx_word' id='word_1_75' title='bbox 173 1287 279 1353; x_wconf 88' lang='lat' dir='ltr'><strong>dicere</strong></span> <span class='ocrx_word' id='word_1_76' title='bbox 303 1287 451 1352; x_wconf 84' lang='lat' dir='ltr'><strong>audeam:</strong></span> 
     </span>
    </p>
   </div>
   <div class='ocr_carea' id='block_1_3' title="bbox 229 1402 804 1478">
    <p class='ocr_par' dir='ltr' id='par_1_3' title="bbox 229 1402 804 1478">
     <span class='ocr_line' id='line_1_13' title="bbox 229 1402 804 1478; baseline -0.003 -15"><span class='ocrx_word' id='word_1_77' title='bbox 229 1404 406 1478; x_wconf 80' lang='grc' dir='ltr'><strong><em>Μωμήσεταί</em></strong></span> <span class='ocrx_word' id='word_1_78' title='bbox 420 1429 462 1472; x_wconf 83' lang='grc' dir='ltr'><strong>τις</strong></span> <span class='ocrx_word' id='word_1_79' title='bbox 479 1408 590 1463; x_wconf 78' lang='grc' dir='ltr'><strong>θᾶσσον</strong></span> <span class='ocrx_word' id='word_1_80' title='bbox 609 1402 627 1478; x_wconf 78' lang='grc' dir='ltr'>ἢ</span> <span class='ocrx_word' id='word_1_81' title='bbox 647 1403 804 1478; x_wconf 81' lang='grc' dir='ltr'><strong><em>μιμήσεται.</em></strong></span> 
     </span>
    </p>
   </div>
   <div class='ocr_carea' id='block_1_4' title="bbox 50 1516 1049 2650">
    <p class='ocr_par' dir='ltr' id='par_1_4' title="bbox 50 1516 1049 2650">
     <span class='ocr_line' id='line_1_14' title="bbox 50 1516 991 1602; baseline -0.001 -20"><span class='ocrx_word' id='word_1_82' title='bbox 50 1516 97 1592; x_wconf 80' lang='lat' dir='ltr'><strong>oui</strong></span> <span class='ocrx_word' id='word_1_83' title='bbox 113 1518 213 1585; x_wconf 90' lang='lat' dir='ltr'><strong>libros</strong></span> <span class='ocrx_word' id='word_1_84' title='bbox 231 1517 480 1585; x_wconf 85' lang='lat' dir='ltr'><strong>Rhetorieorum</strong></span> <span class='ocrx_word' id='word_1_85' title='bbox 497 1518 539 1584; x_wconf 88' lang='lat' dir='ltr'><strong>ad</strong></span> <span class='ocrx_word' id='word_1_86' title='bbox 556 1517 758 1584; x_wconf 88' lang='lat' dir='ltr'><strong>Herennium</strong></span> <span class='ocrx_word' id='word_1_87' title='bbox 776 1520 833 1583; x_wconf 89' lang='lat' dir='ltr'><strong>aut</strong></span> <span class='ocrx_word' id='word_1_88' title='bbox 851 1517 991 1602; x_wconf 86' lang='lat' dir='ltr'><strong>aliquam</strong></span> 
     </span>
     <span class='ocr_line' id='line_1_15' title="bbox 50 1603 992 1692; baseline 0 -22"><span class='ocrx_word' id='word_1_89' title='bbox 50 1603 197 1674; x_wconf 80' lang='lat' dir='ltr'><strong>Ciceronis</strong></span> <span class='ocrx_word' id='word_1_90' title='bbox 230 1609 411 1674; x_wconf 85' lang='lat' dir='ltr'><strong>orationem</strong></span> <span class='ocrx_word' id='word_1_91' title='bbox 442 1628 601 1692; x_wconf 84' lang='lat' dir='ltr'><strong>exponere</strong></span> <span class='ocrx_word' id='word_1_92' title='bbox 633 1610 666 1672; x_wconf 91' lang='lat' dir='ltr'><strong>et</strong></span> <span class='ocrx_word' id='word_1_93' title='bbox 692 1607 728 1672; x_wconf 93' lang='lat' dir='ltr'><strong>in</strong></span> <span class='ocrx_word' id='word_1_94' title='bbox 755 1605 926 1692; x_wconf 83' lang='lat' dir='ltr'><strong>generibus</strong></span> <span class='ocrx_word' id='word_1_95' title='bbox 954 1626 992 1670; x_wconf 90' lang='lat' dir='ltr'><strong>ac</strong></span> 
     </span>
     <span class='ocr_line' id='line_1_16' title="bbox 50 1694 990 1782; baseline 0 -24"><span class='ocrx_word' id='word_1_96' title='bbox 50 1695 170 1761; x_wconf 89' lang='lat' dir='ltr'><strong>statibus</strong></span> <span class='ocrx_word' id='word_1_97' title='bbox 208 1717 395 1762; x_wconf 85' lang='lat' dir='ltr'><strong>caussarum</strong></span> <span class='ocrx_word' id='word_1_98' title='bbox 432 1700 465 1762; x_wconf 87' lang='lat' dir='ltr'><strong>et</strong></span> <span class='ocrx_word' id='word_1_99' title='bbox 495 1696 530 1761; x_wconf 88' lang='lat' dir='ltr'><strong>iu</strong></span> <span class='ocrx_word' id='word_1_100' title='bbox 561 1696 674 1782; x_wconf 85' lang='lat' dir='ltr'><strong>figuris</strong></span> <span class='ocrx_word' id='word_1_101' title='bbox 706 1716 744 1760; x_wconf 88' lang='lat' dir='ltr'><strong>ao</strong></span> <span class='ocrx_word' id='word_1_102' title='bbox 775 1697 877 1779; x_wconf 91' lang='lat' dir='ltr'><strong>tropis</strong></span> <span class='ocrx_word' id='word_1_103' title='bbox 910 1694 990 1759; x_wconf 93' lang='lat' dir='ltr'><strong>indi·</strong></span> 
     </span>
     <span class='ocr_line' id='line_1_17' title="bbox 51 1781 991 1870; baseline 0.001 -24"><span class='ocrx_word' id='word_1_104' title='bbox 51 1783 142 1848; x_wconf 89' lang='lat' dir='ltr'><strong>candis</strong></span> <span class='ocrx_word' id='word_1_105' title='bbox 165 1781 442 1865; x_wconf 74' lang='grc' dir='ltr'><strong><em>μειρακιεύεσθαι</em></strong></span> <span class='ocrx_word' id='word_1_106' title='bbox 464 1785 604 1870; x_wconf 85' lang='lat' dir='ltr'><strong>possint,</strong></span> <span class='ocrx_word' id='word_1_107' title='bbox 630 1806 796 1868; x_wconf 90' lang='lat' dir='ltr'><strong>nunquam</strong></span> <span class='ocrx_word' id='word_1_108' title='bbox 820 1783 911 1850; x_wconf 86' lang='lat' dir='ltr'><strong>vobis</strong></span> <span class='ocrx_word' id='word_1_109' title='bbox 939 1783 991 1847; x_wconf 90' lang='lat' dir='ltr'><strong>de·</strong></span> 
     </span>
     <span class='ocr_line' id='line_1_18' title="bbox 50 1871 991 1959; baseline 0 -24"><span class='ocrx_word' id='word_1_110' title='bbox 50 1871 134 1937; x_wconf 82' lang='lat' dir='ltr'><strong>futuri</strong></span> <span class='ocrx_word' id='word_1_111' title='bbox 161 1875 252 1938; x_wconf 89' lang='lat' dir='ltr'><strong>sunt:</strong></span> <span class='ocrx_word' id='word_1_112' title='bbox 281 1873 336 1956; x_wconf 93' lang='lat' dir='ltr'><strong>qui</strong></span> <span class='ocrx_word' id='word_1_113' title='bbox 364 1893 402 1936; x_wconf 88' lang='lat' dir='ltr'><strong>ea</strong></span> <span class='ocrx_word' id='word_1_114' title='bbox 428 1878 606 1959; x_wconf 88' lang='lat' dir='ltr'><strong>praestare,</strong></span> <span class='ocrx_word' id='word_1_115' title='bbox 633 1895 715 1958; x_wconf 89' lang='lat' dir='ltr'><strong>quae</strong></span> <span class='ocrx_word' id='word_1_116' title='bbox 738 1894 799 1938; x_wconf 86' lang='lat' dir='ltr'><strong>nos</strong></span> <span class='ocrx_word' id='word_1_117' title='bbox 822 1877 879 1936; x_wconf 92' lang='lat' dir='ltr'><strong>aut</strong></span> <span class='ocrx_word' id='word_1_118' title='bbox 902 1893 991 1955; x_wconf 87' lang='lat' dir='ltr'><strong>prae-</strong></span> 
     </span>
     <span class='ocr_line' id='line_1_19' title="bbox 52 1959 992 2048; baseline 0.001 -26"><span class='ocrx_word' id='word_1_119' title='bbox 52 1965 154 2028; x_wconf 84' lang='lat' dir='ltr'><strong>stamus</strong></span> <span class='ocrx_word' id='word_1_120' title='bbox 169 1963 227 2027; x_wconf 92' lang='lat' dir='ltr'><strong>aut</strong></span> <span class='ocrx_word' id='word_1_121' title='bbox 245 1964 409 2045; x_wconf 87' lang='lat' dir='ltr'><strong>praestare</strong></span> <span class='ocrx_word' id='word_1_122' title='bbox 427 1983 594 2048; x_wconf 89' lang='lat' dir='ltr'><strong>conamur,</strong></span> <span class='ocrx_word' id='word_1_123' title='bbox 611 1983 680 2029; x_wconf 92' lang='lat' dir='ltr'><strong>non</strong></span> <span class='ocrx_word' id='word_1_124' title='bbox 697 1982 823 2046; x_wconf 89' lang='lat' dir='ltr'><strong>semper</strong></span> <span class='ocrx_word' id='word_1_125' title='bbox 841 1959 992 2024; x_wconf 87' lang='lat' dir='ltr'><strong>adfuturi.</strong></span> 
     </span>
     <span class='ocr_line' id='line_1_20' title="bbox 52 2047 991 2137; baseline 0 -25"><span class='ocrx_word' id='word_1_126' title='bbox 52 2047 117 2134; x_wconf 72' lang='lat' dir='ltr'><strong>ligo,</strong></span> <span class='ocrx_word' id='word_1_127' title='bbox 135 2073 177 2116; x_wconf 89' lang='lat' dir='ltr'><strong>ne</strong></span> <span class='ocrx_word' id='word_1_128' title='bbox 197 2050 288 2134; x_wconf 88' lang='lat' dir='ltr'><strong>quid,</strong></span> <span class='ocrx_word' id='word_1_129' title='bbox 312 2049 397 2136; x_wconf 88' lang='lat' dir='ltr'><strong>quod</strong></span> <span class='ocrx_word' id='word_1_130' title='bbox 417 2073 561 2117; x_wconf 89' lang='lat' dir='ltr'><strong>mearum</strong></span> <span class='ocrx_word' id='word_1_131' title='bbox 583 2052 726 2137; x_wconf 89' lang='lat' dir='ltr'><strong>partium</strong></span> <span class='ocrx_word' id='word_1_132' title='bbox 749 2051 805 2132; x_wconf 89' lang='lat' dir='ltr'><strong>sit,</strong></span> <span class='ocrx_word' id='word_1_133' title='bbox 828 2069 915 2114; x_wconf 86' lang='lat' dir='ltr'><strong>ame</strong></span> <span class='ocrx_word' id='word_1_134' title='bbox 939 2047 991 2112; x_wconf 86' lang='lat' dir='ltr'><strong>de·</strong></span> 
     </span>
     <span class='ocr_line' id='line_1_21' title="bbox 53 2136 992 2224; baseline 0.002 -26"><span class='ocrx_word' id='word_1_135' title='bbox 53 2137 165 2204; x_wconf 85' lang='lat' dir='ltr'><strong>siderari</strong></span> <span class='ocrx_word' id='word_1_136' title='bbox 183 2140 301 2224; x_wconf 83' lang='lat' dir='ltr'><strong>possit,</strong></span> <span class='ocrx_word' id='word_1_137' title='bbox 320 2160 451 2222; x_wconf 88' lang='lat' dir='ltr'><strong>operam</strong></span> <span class='ocrx_word' id='word_1_138' title='bbox 470 2139 562 2206; x_wconf 90' lang='lat' dir='ltr'><strong>dabo.</strong></span> <span class='ocrx_word' id='word_1_139' title='bbox 593 2139 663 2222; x_wconf 84' lang='lat' dir='ltr'><strong>Vos</strong></span> <span class='ocrx_word' id='word_1_140' title='bbox 681 2139 822 2224; x_wconf 82' lang='lat' dir='ltr'><strong>cogitate</strong></span> <span class='ocrx_word' id='word_1_141' title='bbox 840 2136 887 2221; x_wconf 90' lang='lat' dir='ltr'><strong>id,</strong></span> <span class='ocrx_word' id='word_1_142' title='bbox 906 2136 992 2221; x_wconf 92' lang='lat' dir='ltr'><strong>quod</strong></span> 
     </span>
     <span class='ocr_line' id='line_1_22' title="bbox 52 2227 991 2313; baseline 0.002 -26"><span class='ocrx_word' id='word_1_143' title='bbox 52 2228 122 2310; x_wconf 90' lang='lat' dir='ltr'><strong>apud</strong></span> <span class='ocrx_word' id='word_1_144' title='bbox 153 2227 390 2313; x_wconf 86' lang='lat' dir='ltr'><strong>Hippocratem</strong></span> <span class='ocrx_word' id='word_1_145' title='bbox 425 2229 581 2313; x_wconf 86' lang='lat' dir='ltr'><strong>scriptum</strong></span> <span class='ocrx_word' id='word_1_146' title='bbox 613 2232 675 2294; x_wconf 88' lang='lat' dir='ltr'><strong>est:</strong></span> <span class='ocrx_word' id='word_1_147' title='bbox 711 2250 779 2293; x_wconf 91' lang='lat' dir='ltr'><strong>non</strong></span> <span class='ocrx_word' id='word_1_148' title='bbox 811 2227 890 2292; x_wconf 88' lang='lat' dir='ltr'><strong>satis</strong></span> <span class='ocrx_word' id='word_1_149' title='bbox 922 2246 991 2290; x_wconf 87' lang='lat' dir='ltr'><strong>esse</strong></span> 
     </span>
     <span class='ocr_line' id='line_1_23' title="bbox 51 2315 992 2402; baseline 0.003 -26"><span class='ocrx_word' id='word_1_150' title='bbox 51 2315 82 2378; x_wconf 88' lang='lat' dir='ltr'><strong>ad</strong></span> <span class='ocrx_word' id='word_1_151' title='bbox 100 2318 227 2382; x_wconf 89' lang='lat' dir='ltr'><strong>morbos</strong></span> <span class='ocrx_word' id='word_1_152' title='bbox 250 2315 427 2402; x_wconf 90' lang='lat' dir='ltr'><strong>sanandos,</strong></span> <span class='ocrx_word' id='word_1_153' title='bbox 450 2318 478 2382; x_wconf 94' lang='lat' dir='ltr'><strong>si</strong></span> <span class='ocrx_word' id='word_1_154' title='bbox 500 2317 641 2383; x_wconf 89' lang='lat' dir='ltr'><strong>medicus</strong></span> <span class='ocrx_word' id='word_1_155' title='bbox 660 2322 746 2382; x_wconf 87' lang='lat' dir='ltr'><strong>recte</strong></span> <span class='ocrx_word' id='word_1_156' title='bbox 765 2337 802 2381; x_wconf 89' lang='lat' dir='ltr'><strong>ac</strong></span> <span class='ocrx_word' id='word_1_157' title='bbox 821 2315 992 2401; x_wconf 83' lang='lat' dir='ltr'><strong>diligenter</strong></span> 
     </span>
     <span class='ocr_line' id='line_1_24' title="bbox 51 2402 991 2492; baseline 0 -26"><span class='ocrx_word' id='word_1_158' title='bbox 51 2424 150 2470; x_wconf 88' lang='lat' dir='ltr'><strong>nunus</strong></span> <span class='ocrx_word' id='word_1_159' title='bbox 173 2427 270 2471; x_wconf 88' lang='lat' dir='ltr'><strong>suum</strong></span> <span class='ocrx_word' id='word_1_160' title='bbox 293 2406 402 2488; x_wconf 89' lang='lat' dir='ltr'><strong>obeat,</strong></span> <span class='ocrx_word' id='word_1_161' title='bbox 429 2407 492 2470; x_wconf 89' lang='lat' dir='ltr'><strong>uisi</strong></span> <span class='ocrx_word' id='word_1_162' title='bbox 519 2410 552 2470; x_wconf 89' lang='lat' dir='ltr'><strong>et</strong></span> <span class='ocrx_word' id='word_1_163' title='bbox 575 2407 616 2470; x_wconf 94' lang='lat' dir='ltr'><strong>ab</strong></span> <span class='ocrx_word' id='word_1_164' title='bbox 644 2410 776 2492; x_wconf 81' lang='lat' dir='ltr'><strong>aegroto</strong></span> <span class='ocrx_word' id='word_1_165' title='bbox 800 2405 870 2489; x_wconf 91' lang='lat' dir='ltr'><strong>ipso</strong></span> <span class='ocrx_word' id='word_1_166' title='bbox 895 2408 927 2467; x_wconf 93' lang='lat' dir='ltr'><strong>et</strong></span> <span class='ocrx_word' id='word_1_167' title='bbox 950 2402 991 2467; x_wconf 91' lang='lat' dir='ltr'><strong>ab</strong></span> 
     </span>
     <span class='ocr_line' id='line_1_25' title="bbox 51 2491 1049 2580; baseline 0.002 -26"><span class='ocrx_word' id='word_1_168' title='bbox 51 2491 96 2576; x_wconf 88' lang='lat' dir='ltr'><strong>eis,</strong></span> <span class='ocrx_word' id='word_1_169' title='bbox 120 2495 174 2578; x_wconf 91' lang='lat' dir='ltr'><strong>qui</strong></span> <span class='ocrx_word' id='word_1_170' title='bbox 202 2495 232 2559; x_wconf 92' lang='lat' dir='ltr'><strong>ei</strong></span> <span class='ocrx_word' id='word_1_171' title='bbox 256 2493 417 2578; x_wconf 86' lang='lat' dir='ltr'><strong>adsident,</strong></span> <span class='ocrx_word' id='word_1_172' title='bbox 444 2496 606 2560; x_wconf 89' lang='lat' dir='ltr'><strong>communi</strong></span> <span class='ocrx_word' id='word_1_173' title='bbox 633 2517 731 2580; x_wconf 89' lang='lat' dir='ltr'><strong>opera</strong></span> <span class='ocrx_word' id='word_1_174' title='bbox 758 2514 796 2560; x_wconf 91' lang='lat' dir='ltr'><strong>ac</strong></span> <span class='ocrx_word' id='word_1_175' title='bbox 823 2491 992 2578; x_wconf 84' lang='lat' dir='ltr'><strong>diligentia</strong></span> <span class='ocrx_word' id='word_1_176' title='bbox 1047 2518 1049 2524; x_wconf 58' lang='lat'><strong><em>¹</em></strong></span> 
     </span>
     <span class='ocr_line' id='line_1_26' title="bbox 51 2581 532 2650; baseline 0.01 -7"><span class='ocrx_word' id='word_1_177' title='bbox 51 2581 149 2648; x_wconf 87' lang='lat' dir='ltr'><strong>medici</strong></span> <span class='ocrx_word' id='word_1_178' title='bbox 171 2588 308 2649; x_wconf 87' lang='lat' dir='ltr'><strong>conatus</strong></span> <span class='ocrx_word' id='word_1_179' title='bbox 332 2583 532 2650; x_wconf 84' lang='lat' dir='ltr'><strong>adiuventur.</strong></span> 
     </span>
    </p>
   </div>
   <div class='ocr_carea' id='block_1_5' title="bbox 92 2776 324 2843">
    <p class='ocr_par' dir='ltr' id='par_1_5' title="bbox 92 2776 324 2843">
     <span class='ocr_line' id='line_1_27' title="bbox 92 2776 324 2843; baseline 0.009 -13"><span class='ocrx_word' id='word_1_180' title='bbox 92 2778 115 2843; x_wconf 73' lang='lat'><strong>⁸)</strong></span> <span class='ocrx_word' id='word_1_181' title='bbox 133 2776 253 2831; x_wconf 85' lang='lat' dir='ltr'><strong>Acharn.</strong></span> <span class='ocrx_word' id='word_1_182' title='bbox 274 2782 324 2832; x_wconf 83' lang='grc'><strong>661</strong></span> 
     </span>
    </p>
   </div>
   <div class='ocr_carea' id='block_1_6' title="bbox 0 0 1172 3944">
    <p class='ocr_par' dir='ltr' id='par_1_6' title="bbox 0 0 1172 3944">
     <span class='ocr_line' id='line_1_28' title="bbox 0 0 1172 3944; baseline 0 0"><span class='ocrx_word' id='word_1_183' title='bbox 0 0 1172 3944; x_wconf 95' lang='lat' dir='ltr'><strong> </strong></span> 
     </span>
    </p>
   </div>
  </div>
 </body>
</html>
