2328 3956
176 192 217 255 88
497 188 676 244 EPISTOLA
693 187 806 248 LXVII.

175 339 242 402 risu
269 337 380 420 modo,
407 335 463 400 sed
490 336 618 420 probris
651 357 688 399 ac
720 333 873 400 conuiciis
902 336 1047 402 omnibus
1075 360 1116 401 cx-

177 429 249 510 cept
250 449 304 490 um
327 427 376 490 iri.
413 424 542 500 Quanto
556 423 659 508 pluris
683 423 768 506 apud
791 426 824 488 te
844 445 914 508 csse
929 425 1024 490 debet
1009 429 1119 510 t,quod
1152 467 1153 480 ι

176 535 288 580 omnes
309 518 342 578 tc
364 514 411 598 pii
434 535 470 578 ac
483 513 577 596 probi
599 512 793 596 laudabunt3
818 499 904 597 quocl
927 535 988 597 pro
1010 517 1041 578 te
1054 519 1119 579 vota

176 604 309 668 facient·
283 601 441 687 t,quod,
474 602 600 666 etiamsi
628 601 669 666 ab
700 601 885 666 hominibus
914 603 998 666 nihil
1024 623 1119 668 conse-

177 714 288 778 quare,
310 692 338 756 is
361 691 430 774 ipse
454 690 509 774 qui
531 689 593 756 hoo
607 689 800 756 beneficium
812 690 1000 756 hominibus
1021 697 1120 776 perte

176 803 270 865 praes
270 783 321 845 tat
270 777 443 863 t,Deus
466 779 588 844 bonum
612 801 694 864 opus
722 801 813 843 suum
836 779 873 844 in
894 783 928 844 te
951 801 1121 845 remunera·

176 873 268 936 turus
291 872 349 934 est.
391 829 523 932 Suinmo
546 868 676 953 quidem
697 865 857 952 Pontifici,
880 869 972 933 cuius
995 872 1031 934 tu
1053 870 1121 933 iudi-

178 960 262 1024 cium
285 962 317 1022 et
330 957 564 1040 auctoritatem,
586 959 623 1020 ut
640 957 732 1041 facis,
754 957 887 1021 maximi
909 957 1015 1023 facere
1028 958 1122 1042 debes,

176 1047 258 1112 liber
279 1049 354 1110 tuus
377 1045 626 1110 iucundissimus
648 1046 724 1110 fuit:
753 1046 845 1128 eique
873 1046 901 1110 si
928 1047 1000 1130 pari
1028 1047 1122 1111 studio

177 1157 215 1200 ac
237 1135 299 1200 fide
322 1135 358 1198 in
380 1135 494 1200 ceteris
509 1134 724 1200 sacrosanctis
742 1134 834 1198 libris
848 1133 1049 1200 illustrandis
1062 1158 1122 1219 per·
1154 1167 1155 1170 ι

177 1224 310 1308 rexeris,
331 1243 437 1308 neque
460 1223 599 1288 facultas
622 1245 728 1309 neque
750 1223 901 1288 voluntas
925 1224 1063 1288 ornandi
1084 1225 1123 1287 tui

178 1313 268 1378 defut
253 1316 327 1377 tura
353 1316 411 1378 est.
456 1310 506 1376 De
538 1314 670 1399 negotio
703 1316 760 1377 tuo
789 1311 866 1396 quid
894 1316 1002 1378 aetum
1034 1313 1123 1396 sit,e

176 1403 277 1467 fratre
308 1405 365 1467 tuo
398 1401 568 1486 intelliges.
622 1401 705 1467 Vale
741 1421 855 1486 meque
892 1401 1012 1467 mutuis
1050 1402 1156 1486 apud

177 1491 283 1556 Deum
318 1491 466 1575 precibus
508 1490 633 1556 adiuva.
696 1489 828 1556 Romae
864 1489 1124 1576 1V.Id.April.

178 1597 345 1644 unnxxm.

575 1704 734 1714 -.-.-..--..

590 1809 723 1875 LXVII.

368 1935 416 2012 M.
444 1935 687 2010 ANTONlUS
714 1934 939 2010 MURETUS
1031 2015 1035 2022 ,

454 2073 575 2129 PAULO
596 2071 763 2130 SACRATO
784 2072 852 2128 SUO

626 2181 648 2222 S.
662 2183 689 2223 D.

158 2371 159 2376 ἵ
246 2287 367 2373 Velim,
389 2290 451 2354 hoo
474 2283 554 2353 mihi
577 2288 701 2373 credas,
730 2287 860 2354 Sacrate
887 2289 932 2353 mi
956 2289 1075 2373 optime
1100 2293 1126 2352 et

180 2378 385 2461 amicissime,
407 2401 476 2444 non
498 2381 531 2442 te
554 2377 719 2442 ardentius
748 2397 863 2461 cupere
890 2377 1016 2443 litteras
1038 2399 1126 2460 meas,

180 2489 278 2552 quam
308 2487 369 2552 ego
399 2467 439 2531 ad
468 2471 501 2531 te
532 2470 565 2531 et
596 2466 786 2532 creberrime
817 2469 850 2530 et
878 2467 1066 2552 longissime
1094 2467 1126 2529 de

181 2559 251 2620 toto
275 2576 383 2620 rerum
405 2577 550 2620 mearum
578 2558 665 2620 statu
693 2556 829 2620 seribere
857 2556 960 2639 cupio
1006 2553 1067 2620 Sed
1087 2557 1126 2618 ιιι

181 2645 283 2709 multa
297 2645 437 2730 quotidie
452 2645 681 2728 interveniunt,
696 2666 777 2728 quae
792 2665 843 2708 me
859 2644 964 2708 uarias
977 2644 1014 2708 in
1028 2647 1125 2728 partes

180 2733 375 2817 distrahant,
397 2737 435 2798 ιιι
456 2733 618 2798 interdum
637 2733 691 2797 vix
712 2732 892 2816 respirandi
915 2733 1018 2797 otium
1035 2733 1125 2797 detur.

181 2822 294 2907 ltaque
318 2844 391 2886 oum
404 2821 457 2886 bio
480 2821 600 2886 amicos
615 2825 648 2886 et
670 2821 826 2905 plurimos
849 2825 882 2886 et
894 2822 1125 2905 potentissimos

182 2912 328 2995 habeam,
350 2933 423 2976 cum
437 2910 546 2976 omnia
558 2909 639 2974 mibi
652 2909 714 2974 Dei
736 2910 890 2976 beneficio
904 2932 973 2974 non
986 2909 1126 2977 modoad

181 3001 356 3085 commode,
370 3001 426 3066 sed
440 2999 481 3066 ad
494 3000 581 3064 laute
596 3021 634 3064 ac
647 3000 815 3085 magnifice
829 2999 1001 3064 vivendum
1015 2999 1125 3064 affatim

182 3093 365 3173 suppetant,
379 3111 452 3154 cum
465 3110 516 3154 me
534 3088 673 3153 libenter
687 3109 798 3154 omnes
813 3089 952 3172 uideant,
966 3111 1037 3154 cum
1051 3085 1126 3172 apud

183 3198 293 3241 ornnes
308 3177 437 3242 ordines
451 3179 612 3262 gratiosus
627 3177 702 3242 sim:
718 3179 822 3244 maior
834 3198 885 3242 me
898 3180 1009 3242 tamen
1021 3176 1125 3242 indies

184 3265 271 3328 urbis
295 3266 427 3329 satietas
440 3267 585 3348 percipit.
623 3265 759 3342 Quando
782 3268 869 3331 enim
883 3266 998 3351 vivam,
1021 3267 1126 3350 sipost

183 3356 234 3416 tot
265 3373 367 3416 annos
399 3353 650 3420 laboriosissime
687 3359 776 3420 actos
821 3377 863 3420 ne
905 3357 975 3420 seni
1011 3355 1124 3440 quidem

185 3441 274 3522 quies
297 3439 364 3503 ulla
378 3440 525 3504 concedit
510 3443 585 3505 tur?
616 3442 710 3507 Alius
733 3465 784 3508 mc
803 3444 928 3529 negotii
952 3444 1001 3509 sui
1024 3462 1125 3509 caussa

185 3528 337 3592 cursitare
367 3547 426 3610 per
455 3528 568 3593 urbem
597 3531 688 3594 iubet
720 3536 753 3596 et
783 3533 880 3598 modo
911 3532 1010 3618 bunc,
1041 3530 1124 3598 modo
