2368 3956
209 238 274 302 144
579 235 663 290 VAR.
681 231 786 290 Lucu.

207 382 304 447 dibus
327 381 494 465 affecisset,
517 380 558 445 ad
579 382 781 464 postremum
799 379 903 444 addit:
925 380 1045 444 Accedit
1055 382 1135 459 oium,

210 472 293 554 quod
311 470 471 552 familiam
483 469 575 546 ducit,
597 469 634 532 o'n
646 469 715 533 iure
727 469 811 534 oioilo'
824 469 993 551 singularis
1005 472 1136 548 numerio,

206 580 330 626 summo
360 559 496 625 saeua
548 555 671 633 Quibus
707 557 813 622 verbis
851 557 1041 642 significavit
1071 557 1136 622 hune

206 649 346 732 primam
359 651 392 712 et
404 647 611 731 praecipuam
625 645 769 710 Trebatii
792 667 861 710 esse
876 646 1016 710 laudem:
1039 649 1137 711 ceteras

207 737 237 802 ei
260 758 333 800 oum
355 736 466 800 multis
488 736 627 800 fortasse
656 755 857 800 communes:
885 734 947 800 hoo
970 756 1037 800 esse
1057 735 1138 818 ipsius

207 831 311 910 paene
338 825 505 910 proprium
532 824 662 888 bonum
707 821 833 888 Deinde
863 823 948 888 libro
982 826 1088 908 quarto
1110 824 1139 888 de

206 912 342 978 Finibus
362 912 403 998 ¹),
433 913 490 977 ubi
522 910 679 977 Catonem
711 912 891 996 alloquens,
929 909 993 978 seo
1021 914 1139 995 primam

206 1003 294 1079 illaad,
325 1001 442 1087 inquit,
467 1002 549 1066 vide:
575 1001 794 1082 qrooo'sso’mom
819 1001 911 1066 ittam
936 1006 1065 1069 vestrm
1088 1021 1139 1067 set-

208 1092 344 1167 tutam,
374 1111 451 1172 qooae
472 1089 631 1170 familiam
653 1090 745 1167 aaut,
772 1088 932 1154 maestum
957 1091 1038 1172 quod
1056 1091 1098 1168 ut,
1116 1092 1142 1154 iol

207 1199 270 1244 osse
291 1179 390 1243 solum
412 1179 532 1256 bouum,
555 1177 732 1260 honesteque
753 1179 859 1256 oium,
881 1179 1030 1244 bonorum
1049 1180 1140 1262 tneor:

207 1287 398 1332 emomunem
418 1265 593 1348 serenatis
615 1287 686 1332 oum
708 1267 859 1346 omnibus,
881 1269 938 1350 qut
959 1269 996 1333 iu
1016 1289 1077 1333 ouo
1094 1275 1140 1332 otr-

206 1361 268 1422 tute
290 1357 476 1421 constituant
496 1356 590 1439 finem
612 1355 767 1420 bonorum.
812 1354 858 1420 Et
880 1356 996 1440 quinta
1019 1357 1140 1422 oratioue

206 1445 242 1509 in
265 1444 447 1508 Antonium
461 1441 502 1530 2);
529 1443 647 1508 Datim
676 1445 799 1526 qooo'dem
825 1445 927 1525 frater
953 1447 1032 1528 etus,
1060 1449 1141 1529 uptote

204 1541 259 1616 qui
274 1553 400 1616 peraque
421 1533 613 1617 depuqnooit
633 1532 795 1613 familiam
816 1534 909 1600 duait.

565 1742 711 1811 CAPUT
733 1743 804 1810 XX.

286 1863 505 1920 nonarum
523 1865 701 1932 Quinum
718 1865 769 1920 nx
787 1863 933 1922 eauuoo
951 1867 1079 1924 oncri.

293 1992 494 2078 Legebamus
508 1991 626 2056 Tibure
640 1992 771 2057 aestivis
791 1993 957 2072 mensibus
978 2017 999 2058 a
1016 1993 1140 2078 prandio,

205 2083 281 2147 dum
309 2103 342 2145 se
375 2082 463 2146 calor
493 2080 666 2164 frangeret,
696 2081 821 2146 vitandi
852 2083 958 2146 somni
990 2105 1097 2148 caussa
1118 2085 1141 2144 et

204 2171 372 2254 διαγωγῆς
394 2165 494 2254 χάριν
517 2167 603 2233 Odas
625 2167 768 2254 Horatii,
796 2191 913 2254 easque
939 2171 1142 2254 libentissime,

203 2280 286 2342 quae
316 2259 355 2321 de
382 2262 488 2323 vetere
511 2257 597 2323 illius
619 2258 682 2322 loci
706 2259 894 2324 salubritate
909 2259 1141 2344 atqusamoeni·

203 2351 270 2412 tate
291 2345 515 2430 loquebantur,
543 2369 589 2430 ao,
617 2347 644 2410 si
667 2347 745 2430 quid
766 2347 918 2412 veniebat
943 2349 981 2412 in
1012 2353 1143 2428 mentem,

205 2435 291 2520 quod
315 2437 371 2498 aut
393 2433 555 2498 eGraeois
580 2434 731 2519 effictum,
753 2439 810 2500 aut
823 2435 1015 2520 exquisitius
1030 2438 1141 2517 dietum

203 2527 260 2588 aut
287 2523 424 2610 denique
455 2521 495 2586 ab
523 2523 591 2588 eius
618 2527 733 2606 po'e'tao
759 2523 991 2608 interpretibus
1022 2529 1142 2609 praeter-

202 2613 350 2694 missum,
373 2632 477 2696 neque
500 2614 610 2676 tamen
633 2613 766 2696 cognitu
790 2612 964 2697 'indignum
986 2614 1143 2694 videretur,

202 2700 250 2786 id,
267 2722 327 2785 pro
348 2721 406 2765 suo
424 2699 558 2786 quisque
571 2703 681 2784 captu,
700 2700 793 2785 quasi
812 2701 974 2785 symbolas
995 2702 1143 2788 quasdam,

203 2790 304 2854 amieo
345 2792 378 2853 et
420 2787 608 2872 simpliciter
647 2789 683 2852 in
723 2789 864 2854 medium
906 2791 1144 2856 conferebamus.

201 2878 312 2964 Atque
349 2898 388 2941 ex
423 2877 488 2942 illis
525 2877 791 2942 collocutionibus
824 2883 973 2962 excerpta
1008 2881 1144 2964 pleraque

201 2967 238 3034 in
269 2967 321 3032 his
343 2965 434 3032 libris
466 2966 623 3050 legentur.
668 2963 770 3042 Quale
802 2970 851 3033 est
877 2967 947 3048 hoo,
980 2969 1145 3054 quodcum

203 3057 338 3122 recitata
369 3058 478 3120 essent
499 3053 556 3118 illa
570 3051 610 3141 3);
856 3117 858 3120 .

248 3178 345 3258 Quom
366 3185 400 3244 a
422 3179 612 3262 Melpomene
632 3179 723 3246 amiel

247 3266 431 3332 Nasooutem
447 3267 572 3350 ptooido
596 3268 712 3335 lumine
733 3268 865 3338 adera:

276 3441 464 3512 nomm

275 3513 297 3654 ll
315 3519 404 3639 &arlia
421 3517 472 3638 ill.
491 3587 517 3638 ³.
