2328 3956
355 199 536 258 EPISTOLA
554 202 651 260 XLVI.

445 451 560 518 XLVI.

363 571 480 626 EIDEM
497 572 637 628 ROSCIO.

92 696 208 780 Inhac
233 699 486 764 commutatione
510 699 635 764 consilii
650 699 688 764 de
711 699 909 765 instituenda
931 723 981 764 ra-

43 787 112 850 tione
133 787 314 854 studiorum
336 787 398 872 tui,
425 787 508 854 nihil
529 809 581 854 me
603 789 708 873 magis
732 789 904 856 sollicitum
926 789 981 853 ha-

43 874 90 955 bet,
111 897 204 959 quam
229 875 317 960 quod
339 875 457 960 nescio,
481 899 562 960 quos
585 897 775 962 progressus
798 877 834 940 in
852 875 981 942 Graecis

43 963 137 1026 litteris
163 963 289 1028 feceris.
336 963 479 1039 Quarum
507 965 576 1030 sine
604 965 757 1030 mediocri
789 965 904 1030 saltem
930 987 981 1030 co·

44 1051 167 1134 gnitione
181 1073 259 1116 cave
282 1053 377 1136 putes
392 1053 433 1116 ad
451 1053 551 1117 ullam
565 1053 728 1118 doctrinae
751 1053 982 1137 praestantiam

44 1140 189 1221 perveniri.
236 1139 296 1205 Eis
320 1141 349 1206 si
371 1141 418 1206 ite
440 1141 583 1208 imbutus
606 1162 650 1228 es,
671 1145 708 1207 ut
730 1142 835 1225 possis
857 1140 982 1206 Aristo-

43 1229 119 1292 telem
144 1231 262 1314 suapte
289 1229 402 1314 lingua
429 1231 615 1316 loquentem
645 1230 824 1315 intelligere
852 1231 983 1315 eiusque

43 1316 120 1380 etiam
140 1317 336 1402 interpretes
359 1317 499 1384 Graecos
522 1318 591 1384 siue
614 1318 802 1408 cuiusquam
828 1318 983 1404 interpre-

43 1405 144 1470 tatione
166 1405 288 1470 Latina
315 1407 495 1490 consulere,
521 1427 588 1472 non
613 1407 734 1472 invitus
761 1407 866 1491 patiar
887 1411 920 1470 te
943 1408 985 1472 ad

45 1493 130 1558 studia
156 1494 385 1579 philosophiae
409 1495 545 1580 gradum
567 1495 686 1578 facere3
714 1495 789 1578 etsi,
814 1498 852 1560 ut
873 1516 1003 1585 verum¹

44 1581 135 1665 fatear,
148 1581 375 1668 Demostheni,
389 1583 575 1667 Thucydidi,
588 1582 764 1667 Herodoto,
776 1581 985 1667 Xenophonti

44 1673 67 1732 ct
94 1671 185 1736 huius
226 1673 354 1756 generis
392 1672 602 1754 scriptoribus
637 1675 849 1758 paetereaque
880 1671 985 1756 potitis

45 1755 152 1824 Graecis
176 1781 304 1826 annum
327 1760 432 1828 adhuc
454 1782 555 1826 unum
578 1760 648 1826 dari
669 1761 865 1826 maluissem.
900 1759 985 1826 Volo

45 1848 184 1934 equidem,
215 1849 369 1934 quicquid
397 1869 487 1936 ages,
515 1871 667 1936 prospere
694 1849 757 1914 tibi
783 1870 821 1916 ee
851 1847 986 1914 feliciter

45 1935 164 2019 evenirs3
193 1936 253 2001 sed
279 1940 391 2001 tamen
413 1959 481 2007 non
503 1938 715 2021 committam,
737 1939 787 2019 ut,
815 1937 843 2001 si
865 1937 986 2022 absque

46 2022 87 2088 illo
105 2025 324 2090 instrumento
347 2029 380 2090 te
403 2026 444 2090 ad
471 2025 708 2110 philosophiam
732 2025 917 2107 contuleris,
941 2023 985 2088 di-

46 2131 98 2174 cere
117 2135 264 2200 unquam
286 2109 403 2202 poesie,
424 2113 587 2182 Muretum
608 2114 670 2182 tibi
693 2113 761 2180 eius
784 2112 910 2178 consilii
933 2135 986 2176 au-

45 2203 145 2267 ctorem
172 2203 285 2268 fuisse.
329 2201 444 2290 Neque
471 2203 552 2268 haec
579 2224 672 2270 ame
699 2203 746 2268 ite
773 2201 987 2284 disputantur,

47 2291 119 2370 quasi
140 2291 204 2356 tibi
227 2291 263 2356 in
285 2291 326 2356 iis
348 2291 476 2376 litteris,
498 2312 581 2376 quae
602 2289 808 2358 humaniores
832 2289 988 2372 dicuntur,

47 2379 323 2444 consenescendum
346 2381 497 2449 arbitrer:
524 2381 621 2466 longe
644 2399 771 2464 semper
793 2379 834 2443 ab
857 2399 895 2442 ea
917 2398 987 2444 sen·

46 2465 129 2530 tentia
150 2488 245 2532 meus
268 2467 374 2532 abfuit
396 2468 536 2534 animus:
565 2467 621 2532 sed
642 2471 680 2535 tu
701 2471 735 2534 et
757 2488 795 2535 ee
817 2469 922 2536 acue
945 2487 989 2550 es,

47 2555 73 2615 ut
90 2576 260 2640 properare
283 2577 351 2620 non
365 2555 493 2640 debeas,
515 2559 549 2620 et
562 2577 600 2621 eo
614 2555 755 2644 ingenio,
777 2557 822 2638 ut,
845 2555 875 2620 si
896 2555 990 2620 firme

47 2660 74 2704 ee
92 2644 190 2708 solida
219 2643 384 2708 doctrinae
410 2643 621 2713 enemente
642 2643 768 2730 ieceris,
795 2642 836 2708 ad
864 2664 990 2712 summa

48 2731 137 2796 emnia
157 2731 256 2796 facile
278 2736 490 2822 perventurus
513 2753 583 2800 csse
604 2731 751 2798 videaris.
794 2729 880 2799 Nem
904 2733 991 2816 quod

14 2895 15 2898 Ἴ
48 2817 95 2900 uis,
115 2820 183 2884 sine
207 2821 393 2904 eloquentia
415 2821 534 2886 multos
558 2819 598 2884 ad
626 2841 784 2900 summam
806 2818 990 2902 amplitudi-

48 2923 106 2969 nem
126 2909 321 2996 pervenisse,
344 2908 415 2975 sine
439 2907 598 2992 sapientie
615 2909 790 2978 neminem:
813 2907 919 2974 verius
943 2907 990 2972 di-

48 2993 144 3078 xisses,
167 2999 201 3060 et
225 2996 307 3088 sinc¹
322 2996 483 3080 sapientia
505 2999 538 3061 et
560 2997 630 3062 sine
658 2995 842 3082 eloquentia
864 2998 898 3059 et
920 2996 990 3065 sine

49 3079 100 3144 ullo
124 3103 200 3150 uero
232 3083 319 3154 bono
352 3085 472 3149 multos
504 3105 555 3170 ea,
586 3106 667 3170 quae
699 3084 796 3170 vulgo
827 3083 991 3154 habentur

50 3171 244 3256 amplissima,
276 3176 309 3241 et
341 3172 420 3238 olim
452 3176 640 3240 consecutos
676 3193 746 3241 esse
779 3175 812 3239 et
847 3173 990 3257 quotidie

51 3259 288 3433 lllllsd?
305 3259 991 3418 lllltlllli‘blttibull

51 3429 227 3522 berdinales,
239 3436 478 3524 Augustanum,
492 3435 911 3530 Vermiensem,Alciat1m:
935 3441 992 3524 qui

51 3521 115 3588 nihi
127 3546 220 3591 omne
233 3548 335 3612 prope
348 3529 476 3609 tempus
491 3525 639 3610 eripiunt.
669 3524 717 3590 Mi
730 3524 836 3606 Rosci,
857 3523 991 3606 ignosce
