2330 3944
189 217 254 280 140
551 211 687 268 orario
706 211 779 266 xlv

117 371 119 376 '
186 381 353 444 nunquam
372 358 585 422 exhilaremur
589 377 855 440 ,nonnunquam
874 355 1009 420 etiam
988 377 1039 439 ns,
1058 377 1123 439 qma

186 449 263 514 ficta
291 468 360 512 essa
388 447 520 530 scimus,
546 445 792 530 illacrymemur.
834 442 894 508 Vir
922 445 1123 508 sanctissimus

187 541 220 601 et
247 535 497 619 eruditissimus,
524 533 674 598 Aurelius
698 531 902 618 Augustinus
930 553 1025 616 saepe
1049 533 1123 596 uber·

186 625 247 688 tim
273 624 399 689 flevisse
427 645 474 706 se,
502 644 575 686 oum
597 621 735 687 Didonis
762 623 901 686 mortem
928 621 1014 705 apud
1036 621 1124 705 Virgi·

187 713 268 777 lium
289 714 424 797 legeret,
451 708 669 796 confitetur*).
710 707 773 776 Sed
800 709 900 774 hoc
889 730 925 773 ιιι
948 731 986 774 eo
1014 713 1125 793 propter

188 799 416 886 singularem
406 800 507 884 rpsius
529 799 623 864 bonit
609 802 710 863 tatem
732 799 839 863 minus
866 797 1007 862 fortasse
1029 798 1125 861 miron

187 891 288 954 videri
322 892 438 974 potest.
416 887 572 952 tVere
609 887 695 951 enim
729 887 793 952 hoe
824 885 939 950 (braeei
976 887 1125 970 proverbio

188 979 311 1062 dieunt,
333 978 437 1042 bonos
455 976 541 1041 viros
558 975 669 1040 faciles
688 995 757 1041 esse
777 975 817 1039 ad
836 972 1125 1060 lacrymandum**).

189 1065 272 1142 Quid
304 1065 390 1148 qnod
425 1065 503 1129 feris
540 1086 666 1149 quoque
703 1085 741 1128 ac
776 1063 923 1128 barbaris
960 1064 1127 1128 hominibus

189 1157 222 1217 et
249 1153 344 1217 caede
372 1174 410 1218 ac
438 1154 596 1238 sanguine
624 1152 840 1238 gaudentibus
862 1155 1016 1236 pobmata
1036 1155 1126 1216 tamen

188 1241 439 1306 misericordiam
470 1242 634 1305 interdum
665 1245 698 1304 et
728 1242 886 1324 lacrymas
921 1239 1127 1306 commovent?

188 1327 484 1416 Alexandrum***)
511 1329 728 1394 Pheraeorum
760 1333 937 1412 tyrannum
967 1329 1127 1412 accepimus

189 1440 303 1502 aspero
332 1439 429 1502 supra
453 1418 646 1482 modumt
613 1421 646 1482 et
672 1417 849 1482 immitit
815 1421 912 1518 atque
940 1417 1099 1482 efferat'o
1092 1439 1127 1481 ιιι-

190 1509 286 1592 genio
308 1507 424 1590 fursee,
450 1507 497 1570 ita
523 1510 560 1570 nt
546 1506 734 1570 thomines
757 1506 837 1570 alios
860 1506 951 1570 vivos
976 1505 1128 1589 defoderat

189 1595 271 1660 alios
300 1617 451 1678 aprorum
478 1616 689 1678 ursorumque
716 1594 896 1678 pellibust
897 1597 948 1658 eet
950 1615 987 1659 os
1015 1556 1128 1660 canibui

188 1683 404 1746 venatrieibus
432 1681 602 1745 laniandos
635 1683 835 1767 obiicereret‚
866 1682 963 1766 idque
998 1684 1056 1748 sibi
1083 1703 1128 1766 pro

188 1769 265 1834 ludo
294 1773 390 1854 atque
418 1769 654 1834 oblectamento
685 1769 833 1853 haberct3
866 1771 1025 1855 quasdam
1051 1773 1129 1841 etiam

190 1858 336 1923 civitates
368 1857 486 1923 amicas
518 1879 556 1922 ac
592 1858 708 1943 socias,
743 1859 894 1924 immissis
927 1861 999 1924 sine
1035 1881 1129 1925 caussa

190 1943 491 2033 spiculatoribust),
531 1950 662 2030 repente
699 1949 865 2012 universas
901 1949 1129 2014 contrucidaret,

190 2033 307 2102 Coram
337 2037 400 2102 hoc
432 2036 612 2121 agebantur
645 2036 817 2120 aliquando
850 2035 1017 2121 Euripidis
1050 2037 1129 2100 Troa-

190 2124 255 2207 des,
278 2126 399 2208 quain
425 2125 537 2188 fabula
564 2124 710 2190 dolenter
737 2125 910 2190 admodum
938 2126 1130 2212 deplorantur

190 2211 405 2276 Troianorum
445 2212 653 2294 calamitates.
707 2212 813 2278 Homo
860 2216 1008 2298 quamvis
1055 2233 1130 2298 asper

190 2303 223 2363 et
249 2299 439 2382 indomitus,
471 2321 628 2385 quemque
655 2302 745 2366 nulla
772 2324 916 2386 unquam
941 2325 994 2368 res
1024 2303 1063 2368 ad
1086 2301 1130 2366 mi·

190 2387 397 2452 sericordiam
436 2386 511 2452 lieet
497 2391 564 2452 tere
605 2391 803 2474 potuisset,
820 2391 920 2456 sensit
960 2394 1071 2456 tamen
1104 2411 1130 2454 se

190 2476 331 2558 politices
373 2477 521 2540 cantibus
563 2479 766 2543 commoveri.
814 2478 929 2564 Itaque
965 2481 1076 2545 statim
1106 2497 1131 2541 se

189 2565 350 2649 proripuit
372 2587 389 2628 e
411 2565 553 2650 theatro,
579 2565 750 2651 indignum
773 2589 842 2632 esse
870 2568 993 2652 dicens,
1022 2591 1067 2654 se,
1092 2567 1132 2630 cui

189 2655 290 2716 tots
276 2655 413 2737 strages,
449 2656 499 2716 tot
534 2653 662 2718 urbium
699 2655 907 2741 direptiones,
942 2620 994 2722 tot
1032 2621 1132 2722 citium

191 2741 347 2841 exquisita
328 2744 536 2806 atormenta
563 2761 730 2826 nunquam
760 2709 935 2830 lacrymain
967 2768 1066 2811 unam
1092 2766 1131 2808 es·

189 2829 327 2912 primore
354 2851 396 2913 po
398 2829 549 2913 tuissent,
577 2829 786 2897 Hecubae
754 2837 786 2897 e
808 2833 1057 2900 Andromachae
1079 2855 1132 2898 ma·

189 2917 230 2982 lis
261 2917 472 3071 'illacrymari
528 2881 632 2994 tinam
676 2921 741 2988 vim
782 2926 859 3006 po'e't
860 2945 951 2989 arum
991 2923 1132 2990 Horatius

189 3007 304 3073 merito
337 3029 410 3072 cunr
442 3007 768 3075 funambulorumt
735 3013 768 3074 et
794 3032 965 3097 magorum
996 3012 1133 3098 operibus

131 3148 134 3164 .
190 3097 397 3180 comparavit.
489 3178 497 3194 l

243 3268 268 3336 *)
288 3267 409 3323 Confess.
430 3271 451 3324 I.
472 3277 513 3325 13.
608 3274 650 3341 **)
667 3267 779 3343 Ἄγαθοι
802 3269 827 3328 d’
847 3269 1016 3344 dchdaqvee
1034 3271 1133 3342 dadan

190 3339 248 3405 ***)
263 3337 306 3392 Ex
319 3339 498 3394 Plutarcho
489 3359 519 3394 ιιι
532 3341 619 3412 Pelop
622 3343 714 3414 idap.
734 3350 794 3400 293.
813 3363 873 3415 cap
894 3353 935 3402 29
950 3345 1048 3401 Paullo
1062 3345 1134 3399 aliter

189 3424 249 3463 rem
268 3412 365 3464 narrat
382 3410 569 3466 AelianusV.
587 3413 622 3466 H.
642 3415 714 3469 XIV.
734 3421 776 3470 49.
805 3417 917 3472 Ruhnk.
987 3421 1015 3486 †)
1032 3415 1104 3470 Rec
1098 3430 1134 3466 111⁸

189 3481 417 3605 {peqalptcribua
408 3481 504 3548 ,ut
477 3500 532 3536 ιιιιι
523 3481 622 3538 docti
636 3485 672 3538 ad
687 3485 754 3540 Suet
742 3489 799 3541 ton
824 3487 912 3558 Calig
928 3493 970 3542 44.
985 3484 1133 3542 docuerunt

216 3569 234 3604 ιι
256 3569 275 3606 ιι
