2360 3944
436 199 571 256 omno
590 201 612 256 1.
985 202 1006 266 5

71 344 103 406 ab
130 344 238 408 iisdem
265 345 439 409 memoriae
470 345 635 428 proditum
662 348 725 429 est,
752 344 901 410 Iasonem
930 346 1007 410 olim

70 435 236 515 ceterosque
259 431 482 518 Argonautae,
505 454 578 496 cum
591 454 663 497 earn
684 434 837 518 insulam,
860 455 941 516 quae
965 435 1006 498 ab

69 520 246 584 amoenitate
268 521 447 604 florumque
465 522 558 605 copia
576 543 695 585 nomen
712 522 893 605 invenerat,
915 544 1006 606 prae-

68 609 293 693 ternavigarent
314 609 552 694 periculumque
576 614 674 694 esset,
696 631 737 674 ne
757 611 846 675 molli
870 631 907 674 ao
930 611 1006 674 deli-

69 699 129 760 cato
147 694 294 761 Sirenum
317 701 429 781 cantu,
452 719 534 781 quae
557 720 628 762 eam
650 698 790 762 insulam
811 699 1006 782 incolebant,

69 783 101 847 ad
121 785 249 849 exitium
270 786 534 870 perducerentur,
560 807 662 850 unum
690 787 725 849 in
748 785 876 870 Orpheo
899 786 1006 870 periu-

69 873 143 956 giurn
155 873 316 938 habuisse.
349 873 411 950 Qui
432 895 504 938 cum
523 874 695 938 assedisset
707 875 743 938 in
760 875 875 958 puppi,
899 873 1006 937 simul-

69 981 118 1042 que
145 960 223 1025 fides
255 961 384 1026 blandis
415 962 578 1045 impellere
609 961 733 1047 digitis,
769 963 864 1026 simul
896 983 1007 1026 uocem

68 1049 155 1134 illum,
175 1071 240 1133 qua
257 1072 354 1133 rupes
372 1071 567 1134 nemoraque
584 1054 740 1134 traxerat,
761 1051 918 1134 explicare
938 1071 1006 1114 eoe-

68 1137 165 1220 pisset,
199 1141 295 1202 tanta
310 1207 311 1214 χ
327 1138 423 1202 simul
455 1161 548 1203 aures
584 1139 771 1222 animosque
808 1139 1007 1203 audientium

68 1226 218 1309 voluptate
242 1226 429 1310 complevit,
451 1231 489 1292 ut
511 1228 575 1290 iam
594 1225 742 1291 Sirenum
760 1227 892 1291 vocibus
910 1248 1006 1291 nemo

69 1313 276 1398 nauigantium
285 1319 478 1380 moveretur.
494 1313 565 1379 Hoo
574 1314 730 1400 figmento
736 1312 769 1400 *)
784 1315 862 1398 quid
875 1315 1007 1378 tandem

68 1402 139 1466 aliud
160 1403 339 1467 doctissimi
365 1403 525 1487 homines,
552 1404 616 1468 nisi
648 1403 695 1487 id,
723 1404 808 1486 quod
836 1425 896 1466 nos
918 1404 1006 1468 rolu-

6 1503 7 1564 ζ
68 1511 139 1574 nus,
154 1491 362 1556 indicarunt?
394 1491 524 1556 Florida
542 1492 691 1556 videlicet
708 1492 765 1554 illa
778 1491 884 1556 insula
897 1491 1006 1554 iuren-

69 1581 110 1641 ιιι
137 1583 191 1644 est
232 1579 319 1644 Eam
348 1581 403 1664 qui
431 1580 524 1663 quasi
555 1581 872 1664 praetervehuntur,
887 1600 1006 1664 magno

6 1723 7 1744 ,
70 1665 96 1726 in
113 1668 251 1750 periculo
281 1672 370 1750 sunt,
396 1689 437 1732 ne
466 1666 627 1752 Sirenum,
653 1668 687 1732 id
714 1672 777 1752 est,
804 1669 1008 1750 voluptatum

70 1752 217 1819 blanditiis
242 1756 369 1840 decepti
391 1760 424 1819 et
446 1778 466 1820 a
487 1759 575 1820 recto
598 1757 713 1820 itinere
732 1756 875 1838 abducti,
896 1756 931 1818 in
954 1776 1007 1818 va·

6 1845 7 1850 ’
70 1841 153 1906 dcet
183 1845 335 1928 scopulos
367 1843 561 1910 deferantur.
602 1843 771 1920 Quodnam
802 1845 903 1929 igitur
933 1843 1008 1906 huic
1071 1884 1076 1892 -

70 1932 144 1996 tanto
170 1933 316 2016 periculo
348 1937 569 2016 comparatum
600 1933 776 1996 remedium
803 1931 874 1995 est?
907 1930 1009 2012 Quod,

7 2003 9 2162 q
70 2019 121 2082 nisi
145 2019 281 2105 Orphei,
313 2021 427 2104 optimi
460 2043 498 2084 ac
529 2020 758 2104 sapientissimi
789 2020 885 2101 vatis,
916 2018 1008 2100 lyra?

73 2107 145 2172 cuius
167 2109 363 2174 suavitatem
391 2109 446 2192 qui
467 2109 663 2193 percipiunt,
689 2109 713 2172 ii
740 2110 773 2171 et
794 2106 1008 2170 Acheloidum

7 2171 8 2237 i
71 2199 165 2261 cantus
184 2219 246 2280 pro
266 2197 369 2262 nihilo
387 2201 506 2282 putant
523 2201 556 2261 et
574 2197 706 2260 tandem
723 2195 909 2259 institutum
929 2194 1008 2258 illud

70 2281 119 2346 iter
142 2285 264 2348 emensi
295 2286 398 2349 vellus
425 2307 572 2368 aureum,
607 2284 640 2348 id
669 2288 730 2367 est,
757 2283 909 2348 virtutem
937 2303 1009 2346 oum

70 2369 227 2437 immortali
257 2374 465 2438 coniunctam
492 2374 596 2458 gloria
622 2375 871 2455 consequuntur.
906 2368 1009 2434 Nimi-

9 2491 10 2536 ι
70 2478 127 2521 rum
146 2465 182 2524 ut
203 2461 311 2526 maior
332 2462 388 2526 lux
409 2462 581 2562 minorem,
606 2461 654 2525 ita
676 2460 811 2524 minoris
833 2459 991 2542 voluptat
982 2479 1009 2522 rs

9 2547 10 2586 ³
70 2566 183 2613 sensum
205 2550 373 2633 perceptio
395 2550 526 2614 maioris
545 2549 712 2650 extinguit.
749 2547 878 2624 Quanto
902 2550 1010 2610 autern

9 2617 10 2700 i
69 2635 202 2720 voluptas
227 2659 280 2720 ea,
308 2659 389 2721 quae
416 2637 567 2703 discendo
591 2637 744 2720 sentitur,
771 2637 885 2700 ceteris
909 2635 1010 2699 omni·

9 2729 10 2732 ’
69 2719 116 2786 bus
141 2726 247 2790 maior
276 2725 491 2809 sinceriorque
525 2727 580 2809 sit,
611 2726 663 2790 rel
689 2725 789 2788 illud
800 2723 919 2788 indicio
952 2726 1010 2806 est,
1066 2733 1069 2736 '

10 2867 12 2928 i
68 2773 1011 3003 SSSStaSiiiirutlilmeriffiSinanShlinehisePISilliiiSiiutmleohISi

67 2989 127 3050 tent
114 2991 176 3052 tzur
207 2990 306 3054 huius
339 2992 377 3054 ut
408 2991 542 3074 quisque
573 2989 718 3074 percepit
748 2985 1011 3073 plurimum,ita

69 3092 128 3138 eam
150 3079 257 3142 corius
280 3081 377 3161 atque
401 3079 524 3143 avidius
548 3078 755 3162 concupiscit.

123 3163 269 3240 Quod
243 3189 271 3230 s1
294 3167 346 3229 cui
372 3167 456 3232 forte
480 3167 613 3231 dubium
641 3170 702 3247 est,
730 3163 896 3249 prodeat
887 3183 922 3226 111
944 3184 1009 3226 me·

69 3246 144 3315 dium
157 3251 429 3340 Chrysippus**),
450 3255 506 3338 qui
520 3275 614 3338 saepe
629 3253 735 3318 studio
753 3253 897 3317 intentus
916 3254 1010 3314 tanta

83 3459 103 3524 ³⁸)
116 3459 175 3514 Vox
193 3462 399 3532 figmentum
412 3480 469 3517 non
482 3461 570 3517 habet
583 3463 715 3516 idoneum
729 3465 878 3516 auctorem.
899 3459 1008 3513 Ruhnk.

69 3525 102 3594 ⁴⁹³)
114 3529 263 3588 Memoriae
277 3533 361 3602 lapsu
374 3531 601 3603 Chrysippum
618 3549 670 3602 pro
685 3531 855 3587 Carneade
874 3531 1009 3584 nominat.
