2330 3944
33 13 213 111 ψ

370 201 568 258 carrion.
892 205 957 270 115

12 348 147 432 scriptam
179 347 371 432 attingeret,
403 348 620 412 sinceritatem
648 345 757 412 Latini
791 350 956 435 sermome,

12 457 91 518 quam
113 457 153 500 ex
182 436 254 499 aliis
282 435 388 520 poetis
415 435 581 520 hauserat,
609 436 855 502 contaminaret.
893 436 956 503 Sed

11 524 80 587 hunc
103 523 234 608 quidem
258 544 410 588 excusare
429 545 558 609 quoquo
577 524 673 589 modo
692 546 877 610 possumus:
901 528 956 611 qui

13 633 66 676 cum
95 617 127 676 et
155 613 323 677 doctrinae
347 613 440 696 copia
468 612 663 698 abundaret,
689 616 722 678 et
744 613 862 681 Latino
892 637 955 680 ser·

13 723 90 765 none
116 701 220 785 perite
250 723 288 766 ae
316 701 453 765 scienter
480 705 638 786 uteretur,
669 701 731 766 hac
762 723 828 766 una
859 703 894 767 in
920 726 955 768 re

13 791 92 854 nimis
109 790 259 854 credulus
277 789 357 874 fuit,
381 791 578 875 aliorumque
601 787 719 854 iudicio
743 793 828 855 stare
847 792 955 876 potius
992 868 997 876 ἡ

13 880 110 962 voluit,
137 900 235 962 quam
264 899 332 943 suo.
367 876 427 944 Isti
454 900 522 943 non
549 877 689 962 ferendi,
716 879 771 963 qui
802 879 843 944 ab
867 880 956 944 omni

13 968 174 1032 eruditione
211 967 377 1052 imparati,
418 967 510 1050 quasi
547 967 625 1031 satis
662 967 705 1031 sit
737 967 867 1052 dixisse,
903 989 955 1051 epo

12 1056 104 1135 pulcra
118 1060 266 1140 potacula
282 1053 440 1142 penest),
464 1054 585 1120 audent
608 1078 641 1120 se
665 1076 738 1120 cum
761 1056 807 1122 eis
826 1077 955 1140 compo·

14 1165 85 1228 uere,
111 1148 169 1208 aut
195 1144 294 1208 otiam
322 1166 378 1209 eos
404 1165 482 1228 prae
506 1165 540 1208 se
568 1143 742 1230 despicere,
770 1167 790 1210 a
818 1167 955 1229 quorum

15 1233 107 1316 coquis
134 1236 192 1297 aut
218 1233 433 1318 mulionibus,
460 1233 487 1296 si
509 1232 606 1318 hodie
629 1232 787 1318 viverent,
814 1234 954 1298 scriben-

15 1320 110 1386 dorum
132 1322 312 1386 carminum
339 1321 433 1386 laude
462 1321 557 1386 facile
580 1321 793 1386 vincerentur.
828 1321 955 1387 Horum

16 1430 72 1494 ego,
101 1410 195 1474 simul
218 1414 315 1494 atque
337 1409 525 1476 iuvenalem
552 1409 632 1474 mihi
654 1410 689 1474 in
711 1409 862 1474 manibus
885 1432 955 1476 esse

15 1499 196 1583 resciverint,
229 1499 285 1582 qui
313 1498 352 1563 de
379 1521 430 1564 me
458 1519 622 1564 sermones
649 1497 752 1562 futuri
779 1498 859 1585 sint,
888 1521 955 1564 non

16 1587 121 1670 ignoro.
161 1586 349 1652 Iuvenalem
375 1588 615 1672 interpretatur.
657 1583 721 1652 Our
747 1607 816 1652 non
846 1587 955 1670 potius

16 1673 190 1741 Horatium?
231 1674 295 1742 Sed
323 1679 356 1741 ct
381 1677 478 1742 tertio
507 1675 625 1740 abhinc
653 1695 753 1759 anno,
781 1676 873 1759 quasi
901 1676 956 1740 alii

17 1770 112 1846 po'e'tae
148 1765 311 1848 deessent,
348 1762 488 1830 Senecae
524 1763 669 1830 Troadas
706 1764 838 1849 delegit,
875 1786 955 1848 quas

17 1853 271 1939 interpretaretur.
297 1851 370 1939 Ego
393 1875 469 1920 vero
493 1857 526 1918 et
546 1854 582 1918 in
600 1853 797 1938 explicandis
816 1851 956 1918 Senecae

19 1940 177 2010 Troadibus
203 1944 252 2008 ita
278 1947 349 2008 trun
376 1964 428 2008 me
455 1946 618 2008 versatum
646 1963 715 2006 esse
747 1940 888 2025 confido,
918 1944 957 2005 ut

18 2031 91 2096 illius
123 2036 239 2118 potitae
281 2052 423 2098 amorem
464 2032 574 2096 multis
609 2029 813 2112 incusserim,
853 2033 886 2092 et
920 2029 956 2092 in

17 2117 100 2185 huiru
122 2119 257 2206 Satyrae
284 2120 498 2205 explicatione
525 2141 619 2205 spero
646 2140 698 2184 me
729 2117 956 2203 perfecturum,

21 2213 48 2271 ut
66 2210 199 2276 eiusdem
220 2213 337 2296 potitae
355 2210 435 2274 alias
454 2230 581 2294 quoque
600 2227 791 2294 cognoscere
810 2206 956 2290 cupiatis.

21 2293 69 2361 Sed
88 2300 162 2364 satis
184 2300 251 2364 iam
273 2299 445 2364 verborum
467 2298 591 2362 factum
614 2301 670 2362 est
702 2294 799 2362 Nune
816 2296 957 2380 primum

21 2406 157 2470 exponam
181 2390 409 2474 argumentum
426 2387 522 2452 huius
542 2384 685 2471 Satyree.
711 2383 836 2450 Deinde
855 2384 956 2467 ipsius

22 2481 113 2554 potitae
134 2477 235 2542 rerba
256 2477 412 2561 recitabo,
440 2496 585 2560 quaeque
612 2475 647 2538 in
674 2473 720 2540 eis
743 2472 956 2557 explicatione

23 2583 95 2646 egere
119 2565 328 2650 videbuntur,
360 2586 398 2630 ea
425 2563 598 2650 diligenter
624 2565 658 2630 et
685 2564 832 2628 accurate
859 2561 956 2626 inter·

23 2653 159 2732 pretabor.

66 2845 138 2911 ³)cf.
157 2845 257 2902 Horat.
276 2847 309 2900 A.
328 2845 358 2900 Ρ..
378 2851 439 2900 416.
