2326 3942
369 173 505 228 cuano
524 173 624 230 xvrn.
908 172 972 238 183

54 317 180 402 quomodo
197 315 342 382 Euandri
365 320 422 382 aut
440 317 570 382 Romuli
592 319 792 404 temporibus
815 318 900 384 aives
923 319 974 384 sui

53 407 128 471 locuti
147 409 254 470 essent.
282 403 366 470 Suae
385 427 542 490 quemque
566 429 634 473 non
657 407 764 493 gentis
783 406 893 492 modo,
917 407 974 471 sed

52 495 184 560 etaetatis
202 515 348 559 sermone
368 498 557 560 contentum
580 517 649 560 esse
673 499 830 580 oportere.
866 494 973 560 Adde-

52 584 119 667 baut,
130 584 159 647 id
177 606 212 649 eo
230 583 358 648 facilius
372 583 461 648 factu
476 606 545 650 esse
563 584 749 650 bominibus
763 583 869 668 Italis,
887 583 974 669 quod

50 673 181 753 praeclara
202 673 259 737 illa
277 670 472 738 Graecorum
491 673 745 758 Latinorumque
763 677 975 740 monumenta

50 761 95 822 ian
112 761 254 844 pleraque
277 761 386 830 omnia
399 761 435 826 in
449 783 520 826 eam
538 762 776 848 linguamque
794 763 892 847 vulgo
911 762 974 826 uti-

50 870 109 929 uur,
132 869 282 913 conversa
313 853 434 934 essent,
461 854 511 934 ut,
537 849 594 915 illo
607 851 859 936 *peregrinitatis
882 851 975 933 quasi

49 937 136 1000 cordae
153 959 187 1002 ao
205 938 372 1023 putamine
387 938 545 1022 detracto,
564 939 687 1004 nucleis
705 939 791 1004 vesei
804 942 838 1004 et
851 941 888 1002 ut
902 959 974 1003 osse

48 1024 180 1090 conbacto
195 1047 326 1090 succum
340 1047 377 1091 ac
390 1027 564 1092 medullam
573 1028 678 1112 ipsam
687 1049 841 1114 exsugere
854 1027 974 1091 liceret.

93 1112 197 1198 Aqua
221 1115 373 1198 opinione
398 1116 552 1200 quoniam
574 1117 621 1182 ita
644 1117 813 1194 dissentio,
836 1119 874 1180 ut
896 1137 972 1180 avo·

48 1200 129 1265 undis
158 1224 177 1266 a
204 1201 346 1268 Graecae
374 1226 412 1268 ac
439 1204 575 1270 Latinae
602 1205 733 1290 linguae
761 1203 868 1270 studio
898 1204 974 1268 ado-

46 1288 207 1356 lescentibus
235 1292 307 1376 ipsa
333 1293 546 1358 fundamenta
573 1293 815 1378 disciplinarum
837 1291 975 1360 convelli

46 1397 71 1440 ae
87 1379 263 1444 labefactari
286 1383 410 1465 putem,
432 1403 536 1466 neque
559 1383 659 1446 ullam
681 1385 805 1465 pestem
824 1401 973 1465 praesen·

46 1466 133 1530 liorem
153 1473 209 1533 aut
228 1470 332 1534 ullum
354 1471 472 1536 certius
495 1471 628 1536 exitium
651 1470 800 1534 omnibus
823 1467 974 1554 ingenuis

45 1555 140 1621 artibus
153 1557 274 1622 adferri
291 1580 386 1642 posse
409 1559 557 1644 arbitrer,
581 1579 678 1644 quam
696 1559 723 1623 si
741 1559 872 1644 linguae
890 1557 975 1640 illae,

46 1664 103 1723 quae
127 1647 216 1728 quasi
248 1648 388 1712 sacraria
419 1647 576 1732 quaedam
608 1669 719 1713 earum
746 1650 840 1750 punt,
871 1645 974 1732 negli-

44 1735 148 1813 gantur:
174 1756 338 1820 exponam
363 1737 426 1802 hoc
452 1737 524 1802 loco
547 1737 688 1800 breviter
711 1758 841 1802 caussas
863 1735 975 1800 iudicii

44 1821 99 1903 uei,
116 1822 329 1908 efficiamque,
352 1825 379 1888 si
400 1827 529 1910 potero,
551 1829 588 1890 ut
605 1826 735 1910 linguas
754 1825 883 1909 quidem
900 1824 974 1888 illas

44 1910 109 1972 omni
125 1912 229 1978 studio
246 1913 451 1998 dignissimas
471 1935 553 1996 esse,
568 1914 623 1978 sed
637 1915 739 1978 multa
752 1913 814 1978 hoc
828 1917 973 1996 tempore

44 1995 181 2064 inearum
203 2002 400 2068 tractatione
422 2003 549 2086 peccari
571 2003 693 2086 liquido
716 2001 916 2085 intelligatis.

89 2086 171 2153 Duae
198 2091 372 2174 praecipue
399 2091 479 2156 mihi
511 2091 641 2176 quidem
672 2112 804 2154 caussae
832 2110 901 2153 esse
928 2088 973 2152 vi·

43 2171 143 2260 deutur,
170 2177 409 2263 adolescentes,
436 2201 493 2244 cur
520 2184 552 2243 et
579 2178 735 2244 Graecam
762 2182 795 2243 et
822 2177 974 2246 Latinam

43 2259 158 2346 linguam
190 2288 301 2332 amare
333 2272 366 2332 et
396 2269 432 2332 in
458 2290 569 2340 earum
599 2272 735 2352 utraque
766 2266 975 2352 praecipuum

42 2351 155 2418 studium
184 2377 308 2440 ponere
341 2356 522 2422 debeamus.
564 2355 653 2442 Una,
681 2357 767 2441 quod
789 2355 909 2421 Graece
942 2359 976 2420 et

43 2435 142 2526 Latine,
164 2443 288 2508 Graece
312 2446 441 2529 quidem
464 2450 496 2509 et
522 2446 631 2530 plures
655 2449 688 2509 et
713 2445 975 2530 praestantiores,

42 2527 79 2590 sed
101 2533 207 2598 tamen
232 2531 347 2597 Latine
376 2555 502 2618 quoque
529 2538 580 2598 sat
607 2534 701 2600 multi
728 2533 885 2600 eiusmodi
913 2533 975 2600 viri

41 2618 227 2706 scripserunt,
260 2626 297 2686 ut
324 2625 457 2706 propter
485 2622 706 2688 admirabilem
734 2623 897 2707 quandam
925 2644 975 2687 sa·

41 2703 182 2796 pientiam,
205 2732 272 2794 qua
293 2710 342 2774 illi
363 2714 456 2775 tanto
477 2733 578 2795 supra
601 2715 724 2776 ceteros
742 2712 894 2776 mortales
917 2711 975 2776 flo-

41 2801 160 2882 nenne,
182 2803 223 2864 ut
247 2799 383 2863 aliarum
406 2800 551 2886 gentium
573 2799 722 2864 homines
745 2821 818 2864 cum
841 2800 887 2864 eis
910 2800 975 2865 col·

41 2878 82 2944 lati
107 2885 224 2952 idiotae
258 2888 389 2971 quidam
420 2892 452 2952 et
484 2891 627 2972 agrestes
647 2888 764 2956 ,fuisse
795 2888 975 2971 videantur,

41 2967 195 3053 dignissimi
231 2976 310 3060 sint,
346 2977 388 3041 ad
424 2999 504 3060 quos
536 2977 764 3062 intelligendos
796 2977 900 3042 omnis
933 2977 974 3040 ab

41 3062 163 3128 omnibus
187 3065 397 3149 elegantioris
424 3065 547 3151 ingenii
568 3065 755 3131 hominibus
778 3085 877 3148 opera
899 3085 974 3130 con·

39 3143 144 3216 feratur.
171 3152 260 3218 Nam
280 3153 307 3217 si
324 3152 490 3238 Platones,
508 3153 755 3238 Xenophontes,
773 3152 976 3239 Aristoteles,

40 3230 272 3326 neophrastos,
296 3241 377 3307 addo
401 3241 464 3308 huc
483 3243 581 3308 etiam
597 3242 803 3330 Plutarchus,
826 3241 975 3327 Galenus,

39 3328 130 3426 -used
143 3352 208 3414 quo
223 3331 332 3414 plures
346 3332 493 3416 nomino,
512 3353 550 3396 eo
569 3333 676 3416 plures
696 3336 869 3398 occurrunt
883 3333 976 3418 digni

39 3430 79 3492 qul
105 3420 327 3504 nominentur,
359 3455 401 3467 -
434 3421 462 3486 si
498 3419 580 3484 tales
617 3421 715 3486 etiam
754 3422 840 3486 viros
877 3421 974 3486 Italia

38 3504 195 3593 extulisset,
224 3509 280 3594 qui
306 3509 519 3596 cogitationes
547 3531 622 3574 suas
649 3510 912 3594 perscripsissent
935 3530 974 3574 eo
