2330 3944
37 3531 42 3590 i

38 3597 51 3675 l

170 184 232 250 108
563 181 698 236 ossum
717 181 750 235 x.

169 352 250 416 quos
273 351 386 393 caussa
410 350 468 392 sua
491 327 594 392 multa
615 348 785 411 perpessos
801 326 926 410 vident,
950 327 1012 390 sine
1027 348 1096 409 prae-

169 419 234 484 mio
258 418 345 481 abire
368 417 548 501 patiantur,
576 418 698 499 quanto
721 416 828 478 minus
856 415 890 479 id
918 415 957 478 de
978 413 1039 478 Deo
1058 419 1098 477 aut

170 507 312 592 cogitare
327 510 384 570 aut
398 505 554 588 suspicari
572 503 765 588 possumus?
796 501 877 568 (lum
895 504 994 588 igitur
1006 503 1098 566 multos

169 596 356 679 plerumque
384 593 550 658 videamus
576 593 724 658 homiues
752 592 892 676 optimos
920 596 953 656 et
975 593 1099 656 innocen·

169 683 325 767 tissimus,
354 685 511 766 quantum
534 680 662 765 quidem
684 681 825 745 hominis
849 683 966 746 natura
987 682 1055 762 fert,
1076 680 1100 742 in

169 772 231 836 hac
267 772 335 836 vita
369 793 536 854 nunquam
568 769 815 853 interquiescere
848 791 886 833 ac
917 770 1063 853 respirare
1089 791 1104 830 a

170 861 339 941 molestiis,
367 859 422 923 sed
449 861 605 942 perpetua
633 857 772 942 quadam
800 859 1019 922 calamitatum
1043 857 1103 921 serie

170 971 272 1032 usque
294 948 336 1012 ad
358 951 536 1011 extremum
558 947 707 1030 spiritum
729 947 846 1030 premi,
874 947 1045 1032 cogitemus
1063 967 1104 1008 ne·

172 1059 258 1102 cesse
277 1040 327 1100 est
350 1039 418 1119 aut,
438 1036 525 1119 quod
542 1039 660 1100 natura
678 1036 749 1119 ipsa
768 1035 922 1100 abhorret
941 1057 978 1100 ac
999 1035 1105 1118 refugit,

171 1125 277 1190 Deum
298 1124 455 1187 iniustum
477 1145 560 1207 esse,
583 1127 639 1188 aut
661 1127 736 1207 post
757 1124 843 1188 hanc
861 1124 963 1188 vitam
982 1147 1037 1189 sua
1054 1144 1105 1187 esse

171 1213 340 1280 hominum
358 1213 469 1297 generi
487 1213 630 1296 praemia
647 1235 706 1296 pro
726 1213 792 1276 suis
814 1213 927 1296 cuique
947 1212 1106 1277 actionibus

173 1302 326 1366 divinitus
354 1301 540 1366 constituta.
580 1301 619 1366 Si
644 1321 711 1383 spes
738 1306 858 1378 nostra,
887 1302 933 1365 ait
959 1298 1108 1384 Paulus*)‚

172 1393 280 1457 iisdem
307 1391 417 1472 picibus
443 1389 514 1455 doec
541 1391 605 1455 cito
632 1390 772 1454 terminis
797 1409 834 1455 oc
859 1390 974 1471 finctus
1001 1392 1109 1455 ciratus-

172 1483 286 1562 scrcpta
314 1484 474 1557 armetur,
500 1479 581 1543 nihil
607 1479 694 1544 scobis
720 1477 874 1558 infelicius
899 1480 986 1558 soret
1023 1477 1110 1558 Sexta,

173 1573 210 1633 ut
227 1590 288 1633 nos
307 1590 447 1652 quoque,
466 1568 493 1631 si
512 1568 641 1651 quando
660 1567 725 1631 tale
744 1566 865 1650 aliquid
883 1567 977 1631 nobis
992 1567 1111 1650 eveniat,
1142 1555 1143 1608 l

172 1658 334 1741 patienter
364 1657 518 1734 feramus
555 1677 659 1737 neque
691 1655 945 1739 despondeamus
978 1657 1112 1736 animum,

174 1749 230 1810 aut
262 1745 372 1810 statim
403 1747 574 1829 propterea
596 1743 666 1808 Deo
698 1745 820 1808 invisos
853 1765 922 1809 esse
953 1767 1012 1810 nos
1033 1743 1112 1811 ,arbi-
1145 1783 1146 1826 ,

173 1838 308 1917 tremur,
336 1856 409 1898 cum
435 1834 474 1896 iis
503 1854 642 1916 quoque,
670 1833 725 1916 qui
747 1832 817 1897 Deo
845 1833 1001 1898 carissimi
1022 1838 1054 1897 et
1074 1853 1113 1896 ac·
1146 1857 1147 1896 l

174 1923 349 2008 ceptissimi
372 1925 477 2003 erant,
501 1925 558 1986 aut
576 1921 687 1986 eadem
705 1925 761 1985 aut
784 1922 933 2006 graviora
955 1922 1114 2007 contigisse
1147 1934 1148 1962 ¹

173 2013 347 2077 videamus
388 2011 544 2096 Septima,
571 2032 613 2075 ne
639 2011 725 2075 ullus
752 2011 1011 2094 tergiversationi
1036 2012 1115 2075 loeus

175 2102 230 2183 sit,
258 2102 285 2165 si
313 2101 384 2184 quis
412 2123 472 2165 nos
500 2100 541 2163 ad
568 2100 698 2164 illorum
725 2099 961 2182 praestantium
987 2099 1116 2165 virorum

157 2189 388 2252 ‘imitationem
424 2188 624 2270 cohortetur,
660 2188 752 2270 quasi
788 2209 843 2253 eos
874 2209 943 2253 non
980 2189 1117 2270 eiusdem,

175 2277 264 2340 cuius
293 2279 325 2339 et
351 2296 411 2340 nos
440 2296 562 2358 sumus,
595 2274 651 2340 sed
684 2275 850 2341 divinioris
882 2277 1045 2342 cuiusdam
1068 2298 1117 2340 na·

174 2367 266 2428 turae
288 2363 388 2428 fuisse
411 2385 587 2428 causemur.
623 2363 758 2447 Octava,
781 2368 818 2429 ut
841 2365 992 2450 sciamus,
1015 2366 1119 2451 quibus

174 2453 270 2518 rebus
301 2451 490 2517 felicitatem
521 2453 628 2517 metiri
660 2475 697 2518 ac
729 2453 880 2539 dirigere,
917 2477 1058 2540 quosque
1086 2474 1119 2516 ex

176 2542 265 2606 omni
300 2542 469 2606 hominum
500 2563 635 2606 numero
666 2542 776 2606 felices
813 2564 851 2607 ac
886 2543 1013 2628 beatos,
1049 2563 1121 2627 quos

176 2633 289 2696 contra
310 2630 454 2695 infelices
478 2652 515 2696 ac
538 2631 671 2696 miseros
695 2630 809 2695 ducere
838 2631 1019 2697 debeamus.
1053 2629 1121 2696 Non

175 2720 262 2784 enim
294 2720 349 2804 qui
380 2721 482 2784 multa
513 2720 670 2804 possidet,
700 2719 814 2784 beatus
846 2724 907 2806 est,
940 2721 997 2786 sed
1028 2720 1122 2785 multo

174 2809 229 2874 ille
252 2809 391 2893 beatior,
419 2809 474 2893 qui
496 2831 564 2874 non
586 2811 716 2874 tantum
739 2809 867 2874 divitias
890 2831 958 2874 non
982 2807 1122 2892 concupi-

176 2899 250 2983 scit,
273 2899 329 2964 sed
350 2898 403 2984 iis,
427 2920 506 2982 quas
529 2898 641 2983 habet,
663 2899 747 2963 ultro
768 2919 801 2962 se
822 2898 953 2984 spoliat,
975 2903 1013 2964 ut
1032 2896 1123 2981 copiis

177 2990 242 3054 suis
266 2989 402 3054 aliorum
428 2988 573 3073 inopiam
600 2988 754 3053 sublevet.
789 2985 867 3053 Non
894 2987 949 3071 qui
976 2988 1123 3052 innocens

178 3079 314 3162 exsulat,
342 3080 438 3143 miser
461 3081 524 3162 est,
553 3078 609 3142 sed
635 3080 728 3142 tanto
756 3075 894 3160 felicior,
921 3076 949 3140 si
971 3076 1005 3140 id
1029 3093 1123 3159 aequo

178 3166 285 3228 animo
313 3166 419 3230 ferens
447 3188 579 3250 operam
606 3166 672 3251 det,
703 3187 745 3230 ne
773 3164 814 3228 ab
846 3165 902 3230 illa
934 3169 1065 3230 aeterna
1093 3181 1125 3225 ac

178 3251 308 3317 coelesti
341 3253 448 3334 patria
484 3256 628 3319 exsulare
665 3258 813 3340 cogatur,
849 3275 917 3319 non
954 3255 1009 3338 qui
1038 3254 1123 3317 firmo

179 3360 215 3403 ac
243 3339 366 3402 valenti
393 3361 526 3422 corpore
554 3346 615 3424 est,
642 3343 732 3428 felix,
759 3342 814 3408 sed
837 3343 905 3428 ille,
929 3343 1042 3427 quiin
1064 3360 1126 3404 eor·

230 3532 256 3598 ²¹³)
275 3529 296 3582 1.
317 3528 353 3582 ad
371 3527 496 3582 Corinth.
515 3529 575 3583 XV.
596 3537 637 3585 19.
