2328 3956
336 197 516 256 EPISTOLA
534 200 657 256 XLVIII.
929 203 969 266 61

40 343 124 427 potius
151 365 266 408 caussa
292 344 404 428 faciat3
431 344 535 410 Hodie
561 347 596 410 io
617 347 754 428 prandio
779 347 888 429 pctore
918 348 974 412 riti

39 453 139 514 operum
165 434 247 511 dodi,
276 433 380 518 quasi,
408 434 462 517 qui
489 435 573 499 bene
596 455 633 498 ac
660 435 798 500 libenter
825 435 973 520 vescitur,

39 521 168 586 nonsibi
189 521 299 604 potius
313 543 444 606 operam
458 523 513 587 det
527 545 623 606 quam
647 524 758 588 amico.
786 523 838 588 Ex
861 523 973 588 eodem

38 629 132 691 genere
157 613 207 672 est
229 609 310 674 illud
331 611 359 676 si
380 611 423 676 so
443 630 528 692 omos,
551 610 590 676 de
614 633 677 696 quo
692 613 771 676 satis
784 613 849 676 iam
862 613 973 676 multa.

38 698 131 762 Albcdo
153 695 309 762 Latinum
331 720 399 762 non
422 703 479 782 est,
501 720 569 764 non
591 700 695 784 magis
719 722 816 785 quam
829 701 973 784 Nipredo.

39 785 85 849 Sed
104 786 147 850 ita
172 807 283 850 sumus
307 808 431 870 omnes,
459 786 556 852 etiam
581 789 635 873 qui
657 789 754 872 paulo
777 789 891 854 melius
914 788 974 853 La-

36 876 87 938 tine
107 875 197 960 loqui
219 878 384 959 putamur,
407 897 504 960 quam
526 877 641 961 vulgus
665 878 754 941 solet.
790 876 876 942 Dum
900 899 974 941 eon·

37 963 151 1046 fidimus,
176 983 237 1028 nos
260 963 325 1028 iam
339 985 411 1028 eam
433 965 620 1030 facultatem
644 969 842 1050 consecutos,
865 968 902 1030 ut
923 965 975 1030 vel

36 1051 104 1115 aliud
125 1055 265 1137 agentes
293 1053 460 1118 emendate
483 1054 661 1138 loquamur,
684 1055 786 1121 multa
808 1055 919 1139 inepta
942 1058 975 1118 et

36 1161 65 1202 ne
83 1141 115 1204 in
135 1141 247 1224 pueris
267 1141 396 1228 quidem
417 1142 550 1206 ferenda
573 1143 774 1208 effundimus.
802 1143 862 1207 Isti
884 1164 974 1226 prae-

35 1228 108 1310 cipue
135 1229 283 1312 delicati,
316 1231 370 1314 qui
398 1231 507 1295 omnia
540 1231 602 1296 sibi
632 1235 761 1314 praeter
788 1230 974 1297 Ciceronem

35 1321 128 1398 putere
150 1318 259 1402 aiunt3
284 1319 347 1404 qui,
371 1320 399 1383 si
422 1320 491 1384 sine
505 1318 631 1384 Nizolio
654 1321 780 1404 possint
797 1341 895 1384 unam
919 1322 975 1382 sut

34 1407 150 1472 alteram
181 1407 352 1490 epistolam
380 1409 534 1492 scribere,
566 1429 736 1494 germanos
764 1430 799 1473 se
826 1429 895 1472 esse
923 1406 975 1472 oi-

34 1515 147 1560 cerones
171 1499 306 1579 putant3
331 1497 385 1580 qui
409 1495 563 1562 Senecam
586 1499 810 1581 contemnunt,
832 1495 974 1560 Plinium

33 1583 160 1668 irrident,
175 1584 325 1648 Tacitum
349 1585 511 1670 damnant,
530 1586 571 1650 ad
593 1585 782 1651 inferiorum
796 1606 872 1650 vero
895 1587 974 1648 tem-

33 1694 130 1754 porum
159 1673 334 1756 scriptores
358 1673 455 1737 etiam
482 1678 654 1756 nauseant3
683 1674 737 1759 qui
759 1695 811 1738 me
839 1677 895 1738 aut
917 1673 975 1736 mi·

33 1764 128 1825 rantur
151 1765 211 1826 aut
234 1762 429 1826 miserantur·
443 1766 500 1827 aut
520 1763 663 1845 irrident,
686 1762 772 1848 quod
786 1785 825 1827 ex
837 1760 976 1846 Apuleio

32 1849 87 1930 ipso
115 1854 174 1914 aut
198 1847 332 1915 Sidonio
356 1851 513 1934 quaedam
539 1851 680 1935 peteuda
707 1872 776 1916 esse
805 1851 908 1914 dicam
936 1849 977 1912 ad

33 1959 110 2001 usum
131 1938 247 2002 Latini
270 1939 443 2004 sermonis:
472 1939 520 2003 illi
542 1939 642 2026 igitur
668 1939 730 2024 ipsi
754 1959 849 2022 saepe
875 1939 978 2002 itaet

32 2026 195 2110 loquuntur
219 2029 253 2090 et
275 2027 432 2110 scribunt,
455 2030 580 2095 utnon
603 2050 657 2094 eos
680 2027 789 2111 modo,
812 2048 892 2112 quos
914 2025 978 2110 ipsi

32 2119 189 2200 tantopere
213 2115 382 2200 abiiciunt,
410 2138 491 2201 quos
514 2138 590 2201 prae
614 2139 647 2182 se
671 2118 893 2198 contemnunt,
922 2113 978 2178 sed

31 2225 127 2270 eorum
161 2204 304 2288 pistores
332 2225 370 2268 ac
398 2226 517 2289 coquos
549 2206 651 2270 multo
678 2204 825 2270 Latinius
852 2204 977 2268 locutos

31 2293 114 2358 luisse
137 2295 279 2358 constet.
319 2291 372 2358 Ad
396 2294 504 2358 omnia
527 2294 682 2379 epistolae
704 2297 779 2357 tuae
802 2292 908 2376 capita
930 2314 977 2356 re-

30 2403 175 2463 sponsum
215 2403 285 2446 esse
322 2381 470 2467 arbitror.
515 2381 606 2447 Vale.
633 2401 679 2446 111.
702 2381 837 2446 Kalend.
860 2379 978 2444 Martii.

30 2487 161 2536 uuum.
191 2469 328 2554 Romae,
352 2492 416 2555 quo
438 2471 510 2554 ipso
534 2471 584 2535 die
610 2471 734 2535 litteras
761 2475 834 2535 tuas
862 2470 978 2554 accepi,

30 2561 132 2641 quibus
159 2559 326 2644 adscripta
348 2561 417 2623 erat
435 2559 503 2624 dies
517 2577 573 2624 vn.
587 2558 722 2624 Kalend.
740 2559 842 2642 Febr.‚
864 2580 905 2624 ne
927 2579 979 2624 me

29 2651 84 2713 tam
106 2670 184 2714 sero
206 2648 270 2712 tibi
291 2647 497 2732 respondisse
519 2648 653 2713 mireris.

424 2807 584 2818 -m-u—-a

432 2911 583 2979 XLVHI.

320 3031 438 3090 EIDEM
457 3031 688 3089 OARDANETO.

83 3141 268 3229 Postquam
291 3145 333 3208 ad
354 3145 388 3208 te
410 3163 513 3227 nuper
527 3143 641 3226 scripsi
654 3142 693 3207 de
706 3141 762 3206 illo
776 3139 981 3226 Terentiam,

29 3234 50 3293 si
72 3234 114 3298 sit
140 3253 234 3317 opus,
261 3235 420 3298 venerunt
446 3231 526 3297 mihi
553 3232 588 3296 in
619 3234 760 3296 mentem
791 3229 868 3315 alia,
899 3252 980 3316 quae

29 3322 163 3403 apertius
190 3321 416 3388 confirmarent
439 3320 684 3405 explicationem
711 3341 824 3386 meam.
870 3318 980 3386 Simile

30 3407 116 3492 igitur
140 3413 197 3475 est
217 3410 296 3476 illud
319 3433 358 3476 ex
380 3407 583 3495 Adelphjsgr)

92 3549 330 3616 lNume
