2328 3956
190 201 253 266 128
559 203 643 258 VAR.
663 201 767 258 Lucu

186 348 221 412 in
250 348 396 412 oratione
428 347 579 412 adversus
610 346 814 433 Philonem¹)
845 349 908 414 hoc
938 349 1045 416 mode:
1074 347 1132 413 Καὶ

187 429 251 520 γὰρ
275 437 311 500 οἳ
330 431 430 519 φύσει
452 431 515 520 μὲν
537 439 673 501 πολῖταί
691 438 767 519 εἰσι,
790 433 907 524 γνώμῃ
932 434 970 503 dt
991 437 1133 523 χρῶνται,

186 518 233 599 ὡς
255 524 344 589 πᾶσα
366 524 408 608 γῆ
430 522 549 609 πατρὶς
572 519 686 600 αὐτοῖς
709 523 816 608 ἐστιν,
845 523 882 590 ἐν
905 514 994 634 ,r'pdv
1016 522 1056 591 cd
1078 525 1132 590 ἐπι-

185 607 302 694 τήδεια
325 614 456 698 ἔχωσιν,
480 603 575 678 οὗτοι
598 613 699 718 δῆλοί
718 616 815 697 εἰσιν,
839 609 891 680 ὅτι
912 639 968 698 αν,
989 611 1133 700 παρέντες

186 695 223 764 τὸ
247 697 454 784 tripartiens
476 697 594 767 κοινὸν
616 698 762 786 αναθὸν,
784 699 837 768 ἐπὶ
854 699 892 768 cd
913 701 1043 770 ἑαννῶν
1057 704 1133 768 ίόιον

184 786 304 874 κέρδος
332 791 480 872 ἔλθοιεν,
513 785 569 854 διὰ
596 787 633 856 τὸ
662 787 708 876 μὴ
736 787 799 876 τὴν
824 787 941 875 πόλιν,
973 787 1058 858 ἀλλὰ
1082 787 1133 876 τὴν

185 871 308 942 οὐσίαν
342 880 485 964 πατρίδα
522 873 636 957 αὑτοῖς
654 875 838 965 ἡγεῖσθαι.
886 881 994 967 Igitur
1027 882 1131 946 dictum

184 965 265 1030 illud
292 966 406 1031 Teucri
436 967 559 1032 bonum
591 969 720 1054 quidem
747 970 851 1036 virum
880 971 1055 1056 aliquando
1080 971 1132 1034 for·

183 1057 271 1118 tasse
297 1076 365 1119 non
388 1055 551 1122 dedeceat:
580 1057 702 1122 bonum
724 1061 809 1122 certe
832 1059 934 1124 civem
956 1079 1027 1123 non
1049 1059 1133 1122 decet.

184 1141 249 1206 Est
271 1141 356 1225 apud
380 1138 529 1210 Ovidium
537 1143 563 1230 ¹)
591 1146 751 1211 sententia
779 1147 936 1231 quaedam
962 1167 1033 1212 non
1054 1146 1133 1210 valde

184 1229 363 1316 dissimilia,
390 1233 454 1296 nisi
482 1233 568 1319 quod
594 1233 691 1300 latius
718 1238 817 1319 patet.
866 1234 919 1300 Ita
944 1235 1036 1300 enim
1061 1234 1133 1319 apud

184 1340 257 1384 eum
280 1318 466 1386 Carmenta:

222 1433 319 1501 Omne
340 1437 440 1502 solum
459 1437 539 1518 sorti
553 1438 665 1519 pacm
687 1443 743 1517 cst,
765 1443 802 1502 ut
816 1437 956 1522 pacatus
977 1456 1099 1522 aequom

301 1524 343 1592 Ut
362 1526 486 1604 νοῑαανέ,
509 1545 603 1591 ecam
626 1527 772 1610 quicquid
791 1528 828 1593 ia
850 1527 920 1594 urbe
935 1533 1035 1611 putet.

184 1643 267 1712 Sunt
290 1651 398 1712 autem
420 1649 444 1712 ii
466 1669 577 1714 versus
601 1651 744 1735 expressi
766 1672 805 1716 ex
827 1649 892 1716 illis
910 1648 1132 1738 Euripideisll:

285 1766 389 1848 ’Ἅπας
411 1767 474 1855 μὲν
497 1765 561 1856 ἀὴρ
585 1765 668 1860 ἀετῷ
691 1771 884 1858 septemve·

286 1855 416 1925 ’Ἅπασα
439 1856 477 1925 dl
499 1855 595 1944 χθὼν
618 1855 718 1946 ἀνδρὶ
741 1865 885 1950 γενναίῳ
906 1867 1037 1949 πατρίς.

534 2050 679 2122 CAPUT
701 2053 791 2122 VIII.

263 2165 453 2224 CICERONIS
473 2165 590 2224 Locus
609 2167 631 2222 E
649 2165 839 2224 DINARGHO
858 2165 1069 2228 EXPRESSUS

467 2253 471 2264 '
543 2251 786 2312 OSTENDITUR.

250 2361 293 2428 M.
312 2363 452 2430 Tullium
475 2365 510 2430 in
531 2358 738 2431 Orationibus
762 2365 828 2431 suis
850 2367 953 2432 multa
975 2390 994 2432 e
1016 2365 1133 2434 Graecis

184 2453 365 2517 oratoribus
397 2456 579 2520 mutuatum
611 2475 681 2518 esse
712 2457 853 2540 constat,
883 2477 988 2542 neque
1016 2460 1133 2524 tantum

185 2541 320 2625 artificii,
342 2563 406 2626 quo
425 2543 498 2608 illos
517 2543 553 2608 in
565 2541 730 2607 versandis
745 2565 782 2608 ac
794 2545 944 2629 regendis
959 2546 1133 2612 auditarum

183 2629 301 2694 animis
328 2653 404 2696 uses
432 2653 501 2697 esse
528 2631 735 2716 perspiceret,
763 2653 869 2696 acrem
895 2655 932 2700 ac
955 2633 1132 2721 diligentem

184 2719 382 2786 imitatorem
405 2720 513 2804 fuisse,
536 2741 647 2784 verum
669 2719 767 2784 etiam
790 2720 918 2806 integra
938 2743 1007 2788 non
1029 2744 1133 2808 parum

184 2830 280 2893 saepe
326 2808 566 2893 enthymemata
610 2809 739 2874 illorum
783 2809 819 2872 iu
860 2811 1022 2876 orationes
1069 2833 1133 2876 suas

184 2897 397 2964 transtulisse.
447 2896 542 2962 Iuvat
569 2900 677 2962 autem
704 2919 770 2981 me,
803 2901 961 2983 quatenus
989 2899 1078 2986 licet,
1107 2898 1133 2962 id

184 2988 353 3052 observare
376 2985 590 3072 profiteorque
609 3007 665 3051 me
688 3007 727 3050 ex
740 2987 898 3053 eiusmodi
911 2987 1056 3054 locorum
1069 3010 1133 3053 ccu-

183 3075 328 3140 tentione
360 3076 557 3160 singularem
586 3075 749 3160 quandam
776 3097 923 3163 eamque,
955 3081 993 3142 ut
1018 3077 1133 3162 opinor,

183 3184 287 3248 neque
322 3162 524 3249 illiberalem,
560 3185 664 3250 neque
700 3163 803 3250 frugis
835 3169 996 3250 expertem
1028 3186 1133 3250 capere

184 3250 293 3314 animo
319 3252 527 3334 voluptatem.
567 3251 612 3318 Ilt
635 3253 710 3340 quia
732 3274 772 3320 ex
794 3275 866 3320 meo
890 3275 985 3322 sensu
1007 3254 1047 3319 de
1069 3253 1132 3319 aliis

257 3406 277 3475 ¹)
295 3422 360 3474 pag.
380 3411 440 3460 872.
458 3405 553 3462 Reislr.

256 3476 277 3544 ⁹)
295 3477 370 3530 Fast.
389 3477 410 3529 I.
429 3482 490 3531 493.
510 3495 531 3531 s.

257 3546 277 3628 ξ)
297 3543 365 3600 Eur.
380 3545 480 3616 fragm.
501 3548 704 3605 rosellanus.
