2360 3944
172 205 215 270 72
543 201 678 258 ORATIO
697 202 758 257 VII.

169 353 235 416 ista
254 351 438 434 eloquentia
456 352 520 432 est,
539 348 665 413 auditas
685 367 781 412 voces
799 347 915 412 iterare
936 369 973 412 ac
990 349 1134 432 reddere,

169 461 276 523 neque
304 440 478 523 quidquam
505 459 649 520 unquam
676 435 780 500 dicere
809 436 895 518 quod
921 437 964 500 sit
990 459 1064 502 vere
1095 459 1132 502 ae

170 528 301 613 proprie
319 531 421 592 tuum.
452 523 552 592 Aliud
571 524 697 608 antiqui
715 524 878 588 vocabant
901 525 1133 609 eloquentiamt

171 617 227 700 qui
249 616 313 681 nisi
335 616 391 700 qui
413 615 452 680 de
475 614 622 680 civilibus
644 613 785 698 negotiis
808 617 921 677 ornate
945 635 982 678 ae
1002 615 1133 698 copiose

169 705 261 789 loqui
283 708 406 789 posset,
429 704 485 788 qui
503 701 637 768 dicendo
657 701 783 768 animos
802 701 1002 766 audientium
1025 702 1132 767 flecte-

170 797 235 878 ret,
258 793 314 876 qui
336 791 583 858 admirationem
605 790 782 855 concitaret
767 791 874 874 t‚qui
896 791 991 856 modo
1013 792 1134 856 clamo-

170 903 223 947 res
241 881 376 965 faceret,
394 881 490 945 modo
505 880 731 945 circumfusam
745 840 854 944 mdltit
855 879 985 944 udinem
999 883 1133 964 stupore

171 970 341 1056 defigeret,
371 970 535 1034 neminem
566 971 770 1052 eloquentem
801 968 971 1033 vocabant
1015 967 1135 1052 Itaque

172 1059 228 1142 qui
260 1081 293 1123 se
327 1019 454 1122 dicendi
485 1058 658 1142 magistros
685 1057 935 1141 profitebantur,
961 1057 1065 1121 multa
1095 1058 1134 1122 de

170 1147 298 1211 ratione
322 1149 494 1232 argument
480 1146 584 1230 tandi,
607 1147 709 1210 multa
733 1145 820 1209 de
790 1147 891 1209 vrrtut
840 1144 964 1210 ttibus
983 1167 1020 1209 ac
1035 1145 1135 1229 vitiis,

170 1235 276 1300 multa
302 1235 342 1300 de
369 1238 496 1320 permot
481 1197 624 1299 tionibus
652 1234 764 1316 animi,
794 1234 896 1298 multa
924 1234 963 1298 de
986 1197 1135 1298 veteruni

171 1323 331 1389 institutis
354 1345 392 1389 ac
414 1324 555 1410 legibus,
581 1323 684 1387 multa
707 1322 745 1386 de
768 1323 895 1388 ratione
917 1322 1134 1386 instituenda-

170 1434 245 1480 rum
268 1433 306 1478 ac
329 1413 613 1499 gubernandarum
636 1411 804 1476 civitatum
832 1411 1055 1494 disputabant,
1086 1433 1134 1475 se-

172 1523 235 1585 que
257 1505 429 1586 propterea
451 1523 519 1567 ιιοιι
541 1501 686 1566 rhetoras
710 1503 779 1584 aut,
807 1521 887 1584 quae
916 1502 987 1563 ιιιιιι
1008 1499 1135 1564 usitata

173 1592 244 1654 erat
265 1590 411 1672 ipsorum
439 1589 626 1674 appellati0,
654 1588 829 1672 sophistae,
858 1587 913 1652 sed
940 1587 1134 1672 gloriosiore

172 1697 210 1740 ac
246 1677 523 1761 magnificentium
559 1677 691 1740 nomine
726 1676 875 1759 politicos
907 1675 1134 1740 nominabant.

170 1762 213 1828 In
236 1785 300 1847 quo
324 1761 463 1829 etsi'eos
486 1761 716 1847 Aristoteles*)
742 1765 900 1850 coarguit,
927 1764 1007 1848 ipse
1018 1768 1134 1829 tamen

171 1851 280 1936 docet,
302 1851 485 1918 rhetoricen
507 1852 659 1938 quiddam
682 1872 751 1916 esse
776 1874 813 1917 ex
840 1853 1007 1918 dialectica
1035 1857 1069 1918 ιι
1094 1876 1134 1918 ex

171 1941 306 2025 politica
329 1941 448 2008 conflat
433 1946 504 2008 tum
526 1965 546 2006 ι
545 1945 622 2044 tque
650 1941 867 2026 commistum,
894 1944 927 2006 ιι
954 1962 1036 2025 opus
1058 1941 1135 2007 rhe

171 2031 290 2095 torices
313 2053 382 2096 esse
406 2031 465 2115 ait,
487 2031 526 2096 iis
544 2031 580 2096 in
597 2030 693 2095 rebus
713 2029 861 2095 omnibus
867 2051 981 2114 ,quae
999 2030 1036 2094 in
1055 2050 1135 2096 con-

172 2120 382 2184 saltationem
410 2083 542 2203 cadunt‚
570 2119 678 2182 omnia
706 2118 826 2202 videre,
854 2139 937 2203 quae
964 2118 1005 2182 ad
1032 2118 1135 2184 iidem

171 2207 354 2271 faciendam
382 2169 622 2271 accommddata
645 2210 730 2271 sunt.
707 2168 963 2271 ιΤιιιιιιιι
907 2209 963 2271 aut
964 2229 1015 2272 em
1037 2229 1135 2292 prae·

172 2293 276 2377 cipuis
304 2294 463 2377 capitibus
490 2294 553 2358 hoe
576 2295 734 2359 contineri
761 2295 820 2359 ait:
848 2295 875 2358 si
901 2295 949 2359 ita
976 2295 1137 2382 dicamus,

171 2384 223 2466 ιιι,
251 2381 306 2465 qui
333 2382 481 2466 audiunt,
512 2383 615 2448 bonos
642 2383 729 2449 viros
756 2403 825 2448 esse
853 2404 914 2448 nos
942 2384 1136 2468 opinentur3

172 2469 201 2533 si
229 2491 340 2536 eorum
368 2470 467 2534 animi
494 2472 602 2536 motus
630 2471 786 2556 quosdam
814 2471 999 2556 concipiant
1025 2471 1067 2537 ad
1098 2474 1136 2538 id

172 2558 259 2640 quod
273 2558 420 2622 volumus
435 2558 639 2624 efficiendum
657 2564 753 2644 atque
773 2560 985 2625 obtinendum
1004 2581 1136 2626 accom-

171 2645 334 2730 modatos3
357 2647 384 2710 si
406 2647 453 2732 id,
476 2647 561 2732 quod
583 2649 720 2732 probare
742 2649 905 2735 volumus,
927 2653 984 2714 aut
998 2649 1135 2716 demon·

171 2736 309 2800 stremus
333 2737 390 2800 aut
412 2736 631 2802 demonstrare
654 2737 827 2802 videamur.

239 2823 286 2888 Ut
313 2827 422 2889 autem
450 2826 648 2909 dialecticus,
679 2847 747 2890 non
778 2825 832 2890 ille
864 2849 903 2890 ex
935 2827 1134 2893 scholastico

170 2913 302 2998 pulvere
330 2914 486 2978 clamator
517 2913 647 2979 odiosus
680 2935 717 2978 ac
748 2915 917 2998 molestus,
945 2915 1000 2978 sed
1031 2935 1134 2980 verus

171 3022 210 3066 ac
234 3022 407 3088 germanus
436 3003 621 3068 dialecticus
645 3001 770 3066 duobus
794 3003 835 3066 ad
853 3003 1058 3086 probandum
1079 3005 1134 3068 in·

172 3093 410 3157 strumentisu
410 3092 490 3156 titur
531 3091 779 3177 syllogismoet
747 3091 913 3155 intdtuc
899 3091 1000 3156 tione:
1028 3091 1074 3155 sie
1102 3093 1135 3158 ei

172 3197 304 3261 compar
332 3202 369 3243 ae
396 3181 543 3264 geminus
571 3181 639 3244 ιι
629 3178 833 3244 indissimili
861 3199 977 3263 genere
1005 3179 1135 3244 similli-

90 3279 92 3284 ’
171 3285 245 3328 mus
273 3269 382 3330 orator
411 3266 473 3330 duo
502 3265 566 3329 alia
591 3266 704 3352 habet,
736 3289 817 3351 quae
845 3268 969 3333 duobus
996 3267 1061 3332 illis
1090 3290 1136 3334 ex

172 3350 276 3416 altera
302 3357 393 3477 parte
420 3353 650 3440 respondeant,
677 3355 895 3442 enthymema,
922 3356 1008 3441 quod
1030 3357 1136 3442 syllo-

227 3545 253 3613 *)
272 3543 385 3598 Rhetor.
404 3542 425 3598 I.
446 3549 469 3597 1.
489 3561 530 3612 sq.
