2360 3944
163 160 207 224 20
538 160 674 216 ORATIO
695 161 742 217 Ill.

163 304 381 370 hauriendos?
421 305 582 370 Desinant
603 306 717 391 igitur,
745 306 895 370 desinant
919 306 974 371 isti
997 306 1123 370 alienae

162 393 340 458 industriae
355 396 616 478 comtemptores,
635 394 756 479 gloriae
771 395 1017 478 obtrectatores,
1036 416 1124 458 com-

163 482 306 566 priment
324 503 436 546 vocem
459 482 615 546 stultitiae
638 481 734 566 atque
754 483 951 547 invidentiae
973 483 1124 547 indicem.

163 570 232 634 Vos
263 592 354 654 vero,
384 569 498 635 Patres
530 571 733 655 amplissimi,
766 571 905 656 pergite,
936 573 974 635 ut
1004 571 1125 653 facitis,
1176 619 1177 658 3

163 659 365 743 benignitate
388 662 495 723 vestra
521 659 648 724 labores
670 662 800 724 nostros
826 659 950 742 fovere,
977 663 1015 723 ut
1041 659 1124 723 haec

163 746 390 811 florentissima
413 752 446 812 et
466 748 625 812 bonarum
648 747 766 812 artium
789 748 904 812 studiis
922 747 1125 812 deditissima

163 835 313 899 iuventus
337 837 619 900 exercitationibus
646 835 734 900 hisce
756 837 876 900 nostris
905 835 946 899 ad
968 835 1125 900 virtutem

164 926 355 1008 praeparata
387 927 483 1007 atque
514 925 680 1007 praeculta
711 927 852 988 vestram
884 925 962 988 olim
992 924 1027 987 in
1060 923 1124 987 hac

163 1012 349 1076 felicissima
366 1012 531 1096 republica
544 1012 757 1098 gubernanda
777 1012 970 1096 sapientiam
992 1011 1124 1076 facilius
1177 1057 1178 1104 ,

164 1100 283 1164 imitari
306 1103 411 1183 queat.
457 1114 544 1166 Dm.

574 1297 719 1304 -.φ-...υ-

270 1496 323 1556 Dlil
344 1491 635 1556 Pflnosopfflnn
658 1493 710 1552 ET
732 1490 1014 1562 ELOQUENTIAE

492 1579 789 1643 COMUNOTIONE

482 1735 695 1816 ORATIO
722 1735 802 1816 ΙΙΙ.

248 1911 367 1954 naam
384 1908 530 1952 VENE'HIS
548 1907 652 1950 MENSE
670 1907 798 1950 OOOEOBBI
815 1908 900 1952 Anno
917 1909 1035 1950 unum.

232 2072 266 2139 Si
290 2075 361 2158 quis
383 2073 468 2138 forte
491 2075 634 2136 vestrum
657 2073 719 2153 est,
741 2068 929 2154 Auditorcs,
951 2070 1003 2134 cui
1021 2069 1126 2133 admi·

165 2163 266 2226 rabile
287 2161 446 2242 videatur,
470 2159 569 2242 quod,
593 2180 666 2221 cum
685 2158 782 2222 ceteri
801 2158 922 2223 ordinis
940 2158 1004 2221 mei
1018 2157 1126 2222 homi-

166 2271 224 2314 nes
247 2250 282 2312 in
305 2248 462 2312 orationis
484 2246 552 2310 fere
576 2246 710 2310 alicuius
734 2249 791 2310 aut
804 2246 962 2329 poematis
985 2246 1126 2328 explica-

166 2337 255 2402 tione
273 2335 394 2399 versari
413 2336 552 2418 soleant,
575 2356 630 2399 eos
649 2335 711 2398 sibi
728 2334 842 2416 libros,
865 2335 979 2417 quibus
999 2333 1128 2398 abdita-

166 2447 239 2490 rum
260 2426 520 2506 retrusarumque
543 2444 651 2487 rerum
674 2444 712 2487 ex
730 2422 899 2486 uberrimis
922 2422 985 2486 illis
1004 2422 1128 2486 hausta

167 2512 391 2598 philosophiae
414 2511 560 2576 fontibus
577 2510 728 2575 tractatio
749 2511 944 2594 continetur,
966 2511 1128 2594 interpre-

167 2601 259 2666 tandi
287 2600 415 2684 quidem
442 2622 557 2664 caussa
583 2601 637 2663 vix
664 2619 733 2663 esse
761 2598 968 2682 attingendos
998 2601 1130 2683 putent,

168 2711 229 2777 ego
253 2693 366 2755 contra
385 2693 418 2753 et
436 2689 536 2754 altero
556 2687 674 2752 abhinc
693 2709 779 2751 anno
801 2687 941 2770 quinque
960 2684 1129 2752 Ciceronis

167 2781 268 2844 libros
275 2830 284 2863 ,
308 2778 423 2862 quibus
446 2777 485 2841 de
509 2799 633 2841 summo
656 2776 743 2840 bono
766 2775 801 2838 in
815 2775 992 2839 contrarias
1014 2779 1130 2858 partes

170 2867 389 2953 copiosissime
417 2865 612 2950 disputatur,
644 2863 867 2948 explicaverim
899 2867 932 2927 et
956 2863 1019 2928 hcc
1044 2867 1129 2928 tem-

168 2980 246 3043 pore
270 2956 469 3021 Tusculanas
492 2954 572 3018 mihi
594 2951 798 3036 potissimum
820 2951 1068 3036 disputationes,
1091 2954 1132 3017 in

169 3047 285 3129 quibus
307 3045 404 3110 huius
427 3045 506 3108 anni
524 3041 717 3106 curriculum
735 3039 937 3124 conficerem,
960 3041 1131 3125 elegerim:

168 3135 210 3216 is,
234 3135 261 3196 si
282 3135 347 3197 mei
369 3133 496 3198 consilii
514 3133 610 3214 atque
629 3128 770 3193 instituti
788 3149 935 3192 caussam
952 3129 1132 3193 rationem-

170 3241 231 3304 que
256 3221 458 3304 cognoverit,
486 3220 637 3283 simulet
663 3217 709 3300 id,
737 3217 823 3300 quod
849 3216 948 3300 facio,
974 3217 1134 3300 probabit

170 3312 203 3374 ct
225 3329 290 3390 me,
317 3309 345 3372 si
372 3309 466 3371 aliter
492 3306 653 3390 fecissem,
683 3306 803 3370 iustam
827 3304 994 3370 doctorum
1022 3309 1056 3368 et
1078 3307 1132 3370 in-

168 3396 385 3481 telligentium
421 3395 703 3479 reprehensionem
734 3394 824 3458 nullo
860 3397 955 3477 pacto
985 3393 1133 3480 effugere

169 3485 313 3570 potuisse
336 3483 539 3548 existimabit.
573 3482 646 3568 Ego
670 3483 768 3566 enim,
790 3480 978 3567 Auditorcs,
1000 3504 1133 3567 semper
