2328 3956
336 202 449 258 EPIST.
469 203 566 262 XLIV.
585 203 669 261 XLV.
941 205 982 270 57

44 346 116 408 bono
137 366 185 428 as3
212 367 320 411 amare
345 347 502 432 desinam,
527 349 554 414 si
577 353 613 414 tu
636 350 722 415 bono
745 349 877 436 ingenio
899 351 983 415 male

43 433 81 496 uti
101 433 248 517 coeperis.
272 432 334 500 Sed
351 435 385 501 id
404 458 497 520 spero
519 459 587 502 non
608 439 686 521 fore,
709 443 804 524 teque
826 439 912 504 bono
935 440 983 504 in·

44 521 123 604 genio
145 521 227 587 bene
249 545 383 588 usurum
407 545 476 590 esse
499 527 638 610 confido,
660 528 712 591 vel
733 530 845 612 tuapte
869 532 983 612 sponte

42 611 82 673 uel
103 610 176 694 quia
197 611 316 678 videris
338 613 419 677 mihi
441 613 533 678 valde
556 637 664 680 amare
687 637 829 681 amorem
852 636 929 700 erga
951 621 983 680 ee

42 719 146 762 neum:
170 721 267 784 quem
289 702 373 766 tueri
396 723 433 766 ac
451 723 639 769 conservare
662 706 726 769 alia
747 705 872 769 ratione
894 705 984 768 nulla

42 791 127 869 potes.
171 786 254 853 Vale
282 793 328 874 et,
355 790 383 854 si
408 813 461 856 me
487 813 591 876 amas,
617 794 769 858 virtutem
796 814 833 857 ao
859 793 984 859 litteras

43 898 108 940 ana.
151 873 252 941 Nulla
274 878 311 943 in
336 879 487 945 humanis
514 882 610 946 rebus
638 883 761 948 maiora
786 882 873 946 bona
901 886 984 948 sunt.

42 963 146 1030 Iterum
170 967 250 1030 vale.
289 965 416 1034 Tibure.
439 987 509 1034 v111.
532 969 667 1036 Kalend.
691 969 777 1056 Sept.
800 987 930 1035 uuonxrc.

432 1129 587 1139 —--—.-.

453 1247 569 1317 XLIV.

360 1369 478 1426 EIDEM
495 1373 654 1430 RIPARIO.

92 1495 214 1582 Accepi
236 1500 346 1563 ternas
368 1502 442 1564 tuas
463 1499 602 1586 litteras3
626 1503 660 1565 in
683 1499 855 1585 postremis
878 1501 985 1564 autem

41 1585 185 1666 quaedam
217 1590 325 1651 erant.
345 1587 393 1652 ita
423 1589 625 1674 negligenter
657 1590 789 1674 scripta,
821 1593 858 1654 ut
892 1589 985 1654 facile

41 1677 199 1758 constaret,
222 1675 310 1740 aliud
324 1677 428 1762 egisse
449 1680 492 1761 te,
515 1699 588 1742 eum
606 1679 662 1742 illa
676 1679 839 1743 scriberes,
871 1677 985 1742 Osten-

40 1761 100 1826 dam
121 1785 161 1828 ea
185 1763 260 1848 tibi,
287 1787 360 1830 oum
387 1765 470 1830 istuc
493 1787 627 1850 uenero,
654 1771 687 1831 et
713 1767 887 1831 auriculam
915 1788 984 1850 per-

41 1852 142 1916 vellem
164 1853 242 1937 tibi,
265 1857 303 1917 ut
324 1856 437 1938 postea
459 1855 494 1918 in
518 1854 685 1920 scribendo
709 1856 863 1920 attentior
886 1856 930 1919 sis
954 1858 987 1918 et

41 1941 141 2006 saltem
175 1962 232 2006 eos
269 1942 475 2008 soloecismos
512 1943 660 2028 effugias,
693 1965 772 2029 quos
809 1943 987 2028 effugerent

41 2029 123 2094 etiam
145 2030 289 2114 pueruli,
313 2031 368 2117 qui
389 2031 502 2116 primis
529 2033 645 2098 litteris
668 2033 864 2097 imbuuntur.
909 2029 987 2096 Noli

40 2121 136 2182 tamen
170 2141 211 2183 ex
241 2119 303 2183 hae
334 2141 407 2184 mea
434 2120 652 2186 admonitione
678 2120 861 2186 molestiam
887 2120 986 2183 ullam

41 2227 149 2289 capere.
177 2205 256 2272 Non
279 2208 366 2273 enim
388 2212 558 2293 propterea
579 2211 652 2274 volo
672 2210 846 2296 quidquam
870 2209 908 2274 de
930 2212 988 2272 tua

40 2292 192 2360 hilaritate
220 2295 360 2380 detrahi,
387 2297 443 2362 sed
470 2297 511 2361 ad
543 2298 742 2383 diligentiam
770 2298 852 2365 addi.
897 2296 987 2363 Vale.

40 2381 156 2450 Tibure.
180 2403 227 2450 nn
249 2383 320 2450 Kal.
344 2384 472 2451 Octobr.
495 2403 625 2452 nnnxx.

433 2547 590 2557 —u-n-

462 2634 560 2700 XLV.

220 2758 268 2832 M.
296 2761 540 2836 ANTONIUS
567 2759 802 2836 MURETUS.

367 2879 465 2936 muro
484 2879 614 2936 nosouo
634 2881 661 2936 s,

98 3003 151 3070 Ex
175 3003 315 3092 Elegiis,
342 3029 421 3092 quas
448 3029 469 3071 a
494 3012 526 3072 te
552 3029 656 3092 nuper
683 3008 803 3092 accepi,
831 3006 893 3072 diei
923 3027 991 3073 non

43 3095 154 3178 potest,
186 3097 345 3179 quantum
376 3097 514 3180 ceperim
541 3097 731 3162 voluntatis:
762 3118 830 3161 non
861 3099 990 3162 tantum

44 3184 110 3264 quia
132 3205 183 3248 me
212 3185 401 3268 laudabant,
430 3186 491 3249 etsi
517 3180 656 3269 ἥδιστον
683 3181 834 3270 ἄκουσμα
858 3180 876 3251 ὃ
901 3187 991 3250 ἔπαι-

45 3292 109 3353 νος,
138 3273 193 3336 sed
217 3273 293 3359 quia
315 3274 349 3338 id
371 3273 607 3358 elegantissime
634 3275 921 3361 venustissimeque
943 3273 990 3338 fa·

45 3361 171 3426 ciebant.
216 3361 358 3427 Omnino
389 3363 492 3426 multa
522 3363 603 3426 mihi
628 3361 782 3428 Hercules
813 3368 924 3429 noster
951 3363 990 3427 de

45 3449 165 3534 ingenio
191 3453 249 3516 tuo
277 3451 379 3536 deque
406 3451 604 3534 praestantia
629 3453 665 3516 in
691 3452 870 3536 pangendis
892 3451 989 3513 versi-

45 3536 98 3602 bus
120 3539 250 3605 dixerat.
296 3537 358 3604 Sed
379 3542 417 3602 tu
440 3560 510 3602 eam
533 3540 726 3623 opinionem,
749 3560 845 3623 quam
868 3555 927 3619 ego
951 3557 990 3600 ex
