2330 3944
203 213 267 276 144
569 211 705 267 ORATIO
724 211 784 266 XV.

200 361 273 422 cate
300 378 369 422 esse
397 357 610 440 demonstret,
642 359 674 420 et
706 357 828 421 civibus
864 357 929 422 suis
957 358 998 421 ab
1027 379 1064 422 eo
1095 379 1150 420 mc·

200 449 295 512 tuens
327 445 467 512 excludit
494 465 567 508 eum
596 444 637 508 ab
664 445 734 528 illa,
766 467 863 528 quem
895 446 1051 528 instituit,
1085 446 1150 508 ciri·

199 538 276 598 tate.
317 533 419 609 Quem
446 533 591 598 imitatus
619 531 730 598 Oicero
763 534 799 597 in
827 531 1072 620 Tusculanie*),
1107 535 1150 598 Vi·

199 625 300 701 dcsric,
331 621 452 706 inquit,
473 626 581 704 poitur
606 623 683 704 quid
711 622 790 686 mcii
816 621 983 702 adserunt?
1023 623 1151 687 Lanicu-

200 715 298 775 tccics
329 711 479 775 inducunt
507 710 692 790 fortissimos
726 712 821 789 circe,
857 711 1002 776 molliunt
1036 713 1151 776 cizicum

199 804 330 878 ccciccc,
352 800 399 864 iic
420 803 493 864 scic
514 800 620 866 deicolo
637 798 751 878 dictem,
768 805 810 864 ‘ct
826 819 890 864 ricc
908 800 1048 882 icyumcr
1060 801 1151 866 niodo,

199 888 253 954 scd
286 889 380 952 ctiori
415 888 596 952 ediscantur.
646 886 699 952 Sic
733 888 777 952 od
810 887 928 954 molum
963 889 1149 952 domesticam

199 977 396 1058 disciplinam
426 977 579 1057 citumque
609 976 803 1042 umbratilem
833 981 862 1040 ct
895 976 1057 1041 delicatam
1090 997 1151 1040 curu

199 1069 388 1130 accesserim
417 1065 510 1129 ctiori
534 1068 655 1146 poitur,
686 1084 793 1130 ucrrcs
825 1084 928 1129 cruces
953 1066 1078 1130 virtutis
1106 1066 1152 1128 eli·

199 1153 285 1216 durii.
320 1151 412 1216 Recte
437 1153 535 1234 icitur
561 1173 583 1216 u
608 1151 741 1217 Pictore
766 1154 935 1218 educuntur
960 1173 997 1218 ccc
1024 1173 1060 1217 cc
1083 1155 1152 1218 cici-

200 1244 278 1318 cae·
294 1260 388 1322 quom
409 1241 504 1324 dcccii
524 1241 588 1319 iiic,
610 1260 680 1304 cum
701 1260 799 1306 mores
817 1243 945 1322 optimos
961 1246 994 1306 ct
1007 1243 1152 1324 optimum

199 1328 383 1410 rc'mcbiiccc
404 1334 519 1394 ctutum
541 1331 717 1410 exquireret.
753 1327 823 1394 Nos
846 1351 935 1414 vero,
963 1331 1051 1395 siut
1074 1329 1151 1395 Sire-

199 1439 293 1500 num,
314 1417 362 1481 itu
384 1421 552 1501 pottarum
575 1421 688 1482 contus
707 1418 833 1482 exitiosi
856 1422 945 1502 sunt,
968 1419 1152 1483 obturemus

200 1505 452 1569 adolescentium
480 1527 572 1570 eures
599 1527 703 1590 neque
731 1505 771 1570 ed
799 1528 854 1572 eos
881 1507 983 1571 ullum
1009 1509 1152 1591 po'e'ticue

201 1594 368 1658 suavitatis
406 1598 537 1677 gustum
573 1615 763 1677 permanare
798 1595 969 1678 petimur.
1019 1593 1083 1661 Sed
1120 1598 1153 1678 si,

201 1680 345 1744 adhibito
378 1681 510 1764 iudicio,
543 1703 655 1746 eorum
686 1683 780 1748 lectio
812 1683 978 1748 fructuosa
1010 1688 1073 1768 est,
1106 1707 1151 1750 cc-

161 1807 177 1824 x
199 1788 344 1852 veomm,
380 1789 421 1832 ne
456 1768 612 1834 faciemus
649 1769 748 1854 idem,
784 1771 869 1855 quod
901 1771 1070 1860 Lycurgus·
1100 1793 1154 1837 rex

200 1855 364 1922 Thraciae.

490 1942 604 2014 Oetera
627 1946 857 2014 desiderentur.

597 2141 757 2152 *uun—u·-

226 2334 310 2395 OUM
332 2335 519 2396 ANNALES
543 2337 676 2398 TAOITI
698 2339 972 2402 EXPLIOANDOS
996 2341 1129 2401 SUSCE-

604 2443 746 2504 Piscnr.

498 2595 718 2679 ORATIO
751 2597 842 2682 XV.

364 2769 483 2813 HABITA
496 2773 602 2814 ROMAE
615 2775 659 2815 111.
674 2773 742 2818 NON.
756 2775 824 2818 NOV.
838 2775 979 2816 MDLXXX.

262 2911 376 2999 Neque
412 2938 488 3000 pers
524 2917 591 2982 ulle
629 2918 809 2984 studiorum
848 2919 1062 2986 humanitatis
1103 2944 1160 2984 au

197 3004 365 3068 amoenior
383 3009 432 3068 est
451 3008 507 3070 out
525 3004 722 3072 fructuosior
749 3029 846 3091 quum
873 3008 1023 3074 historio:
1051 3029 1160 3092 nequ.

196 3091 293 3156 ullius
317 3093 423 3176 gentis
445 3093 582 3158 historie
605 3097 667 3178 est,
690 3117 772 3178 quae
796 3117 869 3162 cum
886 3096 1024 3162 historic
1042 3120 1137 3182 popu

196 3177 338 3242 Romani
357 3184 414 3244 eut
426 3182 649 3266 magnitudine
664 3187 721 3248 aut
737 3185 953 3268 pulcritudine
972 3189 1030 3250 aut
1049 3189 1160 3250 omni

197 3265 324 3347 generis
352 3269 570 3356 eremplorum
602 3272 695 3355 copia
722 3276 755 3336 et
781 3273 936 3338 varietate
965 3276 1150 3342 contendat

196 3373 300 3435 neque
319 3373 358 3416 ex
376 3353 502 3441 ingenti
521 3358 727 3446 scriptorum,
746 3361 801 3446 qui
820 3383 871 3428 res
885 3361 1052 3432 Romane·
1072 3364 1150 3428 litte

251 3541 331 3608 *)11.
353 3547 394 3596 11.
414 3547 456 3596 rr.
