2326 3942
151 218 191 281 12
511 209 692 265 EPISTOLA
711 209 757 264 IX.

149 363 296 442 Tirones,
323 380 427 443 neque
450 354 633 442 Alexides¹)
662 354 782 438 desint,
811 354 852 418 ad
874 353 908 416 id
936 373 997 438 ego
1024 373 1104 414 nune

149 448 342 534 respondere
364 447 455 530 nolo;
478 465 582 530 neque
606 443 692 506 enim
715 443 815 508 iocari
835 443 870 505 in
892 445 986 505 tanta
1011 440 1105 504 animi

149 537 394 624 perturbatione
417 555 557 618 possum.
589 531 639 595 Tu
663 531 732 596 sine
747 531 844 595 dubio
867 530 992 594 felicior
1015 533 1050 592 et
1064 551 1105 592 sa-

150 627 303 712 pientior:
327 625 378 689 eui
401 624 499 687 etiam
523 621 606 686 euris
629 620 785 704 impedito
812 624 936 701 tamen,
960 618 1049 703 quod
1071 618 1105 681 ri-

151 719 241 800 deas,
264 713 409 778 venitin
431 715 580 776 mentem.
612 709 659 774 Mi
682 708 809 773 Manuti
833 708 952 790 optime
975 710 1010 770 et
1033 705 1106 770 ami·

153 806 288 884 eissime,
311 803 409 866 etiam
434 805 531 886 atque
553 799 651 863 etiam
673 799 753 862 vale.
781 796 923 860 Patauio.

603 1081 650 1145 IX

405 1207 590 1280 PAULUS
617 1205 866 1280 MANUTIUS

432 1345 470 1399 n.
489 1343 655 1399 nuruum
674 1341 836 1398 munero.

222 1468 339 1535 Sedata
365 1472 430 1536 iam
459 1474 636 1556 tempestas
664 1471 769 1536 omnis
797 1474 847 1534 est
869 1474 901 1534 et
923 1469 1108 1554 navigamus

154 1559 189 1622 iu
216 1563 327 1643 portu:
354 1559 496 1624 redditae
523 1559 604 1624 mihi
631 1563 707 1624 aunt
722 1559 790 1624 ¹hae
816 1560 888 1642 ipsa
909 1558 1003 1640 hora,
1030 1579 1109 1641 quae

154 1651 191 1710 tu
212 1647 316 1710 tribus
340 1652 414 1712 ante
429 1649 540 1714 diebus
563 1647 707 1732 miserae,
730 1647 871 1733 quinque
885 1645 1004 1712 Catulli
1025 1646 1109 1728 folia,

157 1735 263 1799 delata
285 1735 376 1820 prius
400 1735 441 1800 ad
464 1757 547 1819 eum,
570 1737 625 1822 qui
646 1737 746 1802 libros
770 1737 804 1800 iu
826 1734 972 1800 Asulaua
994 1737 1109 1798 tractat

157 1823 294 1908 officina,
317 1861 359 1870 «-
382 1824 477 1890 hodie
500 1828 637 1908 tantum,
659 1829 697 1890 ut
717 1825 786 1908 ipse
810 1825 980 1906 asseverat,
1004 1845 1055 1906 an,
1078 1827 1110 1886 ut

156 1934 195 1976 ex
218 1912 319 1977 literis
342 1914 407 1978 tuis
431 1914 590 1998 oportuit,¹
604 1913 721 1978 nudius
734 1913 858 1996 tertius,
881 1912 1023 1976 divinare
1046 1933 1109 1976 non
1154 1933 1155 1950 ¹

156 2023 303 2086 possum3
326 2001 387 2066 hoc
410 2006 494 2068 eerte
517 2002 619 2085 rideo
641 2023 698 2086 per
721 2023 905 2066 communes
927 2000 1109 2065 tabellarios

156 2111 223 2154 non
237 2111 306 2155 esse
329 2091 436 2174 nnssa,
451 2113 587 2176 quorum
609 2090 688 2154 fides
709 2091 744 2154 in
766 2090 925 2154 reddendo
940 2088 1108 2154 desiderari

157 2199 224 2266 uon
247 2180 336 2242 solet.
365 2177 427 2242 Sed
449 2179 593 2262 profecto
615 2179 750 2242 fortuita
771 2179 881 2262 multa,
905 2178 1021 2262 quibus
1041 2197 1109 2260 per-

28 2321 43 2338 „
157 2265 282 2328 turbari
313 2268 346 2329 et
377 2266 530 2340 fluctuare
561 2267 661 2332 vitam
697 2267 863 2332 hominum
894 2285 1024 2330 neeesse
1055 2269 1109 2348 est

159 2375 240 2438 quae
263 2373 374 2419 cavere
388 2356 521 2420 oonsilio
545 2359 601 2420 aut
623 2355 747 2419 ratione
771 2356 798 2420 si
820 2356 923 2437 liceat,
945 2355 1028 2418 bene
1040 2376 1108 2417 oum

158 2443 269 2506 multis
292 2446 454 2528 ageretu13
478 2443 632 2528 penderet
646 2444 731 2508 enim
745 2466 764 2506 a
777 2443 948 2528 prudentia
969 2443 1108 2507 felicitas.

159 2529 255 2596 Nune
277 2551 377 2615 aeque
400 2533 550 2597 omnibus
574 2536 745 2596 occurrunt
766 2533 978 2616 incommoda,
1000 2553 1107 2616 usque·

160 2641 286 2705 quaque
310 2641 401 2684 casus
426 2626 458 2685 et
480 2622 610 2686 fortuna
625 2622 816 2686 dominatur.
844 2620 891 2684 De
912 2622 1011 2686 filiolo
1032 2641 1108 2701 meo,

161 2709 275 2774 amabo
303 2711 349 2792 te,
374 2711 641 2794 quemadmodum
669 2710 777 2774 animo
800 2709 846 2773 sie
873 2709 984 2792 lingua
1005 2709 1106 2772 faveas

159 2799 299 2882 primum
326 2797 445 2862 amoris
467 2799 583 2882 nostri,
612 2798 725 2862 deinde
749 2797 865 2862 ominis
889 2799 987 2861 etiam
1010 2817 1107 2861 eausa.

160 2886 295 2951 Auferet
317 2886 371 2948 ille
396 2885 522 2971 quidem
547 2909 675 2950 ornnem
698 2887 943 2969 iucunditatem,
967 2889 999 2950 et
1019 2886 1107 2968 plane

161 2976 294 3040 divellar
317 2997 336 3038 a
358 2997 409 3038 me
432 2975 518 3059 ipso;
548 2977 603 3040 sed
624 2975 686 3041 hoe
713 2978 1025 3058 tamenanteponO,
1049 2972 1106 3036 uisi

161 3065 269 3148 fallor,
298 3065 438 3129 salutare
462 3064 698 3146 consiliumet,
721 3067 758 3128 ut
780 3063 809 3126 ei
832 3063 1025 3145 consulatur,
1045 3060 1106 3124 ani-

162 3174 250 3216 mum
274 3153 376 3216 vineo.
404 3153 496 3228 Quod
518 3154 635 3216 iterum
657 3153 722 3217 iam
746 3151 787 3216 ad
808 3173 859 3215 me
873 3149 990 3216 Melini
1010 3169 1106 3230 manu,

224 3361 244 3428 ¹)
264 3361 329 3414 Tiro
348 3359 488 3414 Ciceronis
509 3362 684 3416 amanuensis
701 3361 767 3430 fuit,
791 3361 886 3416 Alexis
903 3360 1047 3430 Pomponii
1061 3358 1104 3409 At-

163 3431 221 3486 tioi.
259 3429 384 3484 Alexidis
406 3433 499 3483 autem
521 3431 634 3485 nomine
656 3431 815 3498 Molinium,
840 3432 949 3486 Tironis
971 3429 1104 3485 Herculem

164 3501 390 3626 mmmmm
403 3500 538 3566 designat,
557 3500 638 3554 illum
651 3501 770 3569 Muret0,
789 3501 862 3554 huno
881 3503 935 3556 sibi
948 3519 966 3555 a
983 3498 1105 3555 manibus.
