2330 3944
392 182 528 238 omno
547 180 620 238 vm:
943 187 985 250 81
1070 153 1072 158 ’

42 327 236 412 conparare?
267 326 340 393 Nisi
353 327 438 393 forte
456 328 560 393 mains
579 333 630 394 est
648 349 762 414 agrum
782 351 879 414 quam
896 331 987 416 inge-

43 418 117 482 nimn
139 418 259 500 colere,
282 419 340 480 aut
362 417 448 482 iacta
471 417 507 482 in
530 421 652 482 terram
675 418 797 482 semina
820 419 988 503 depactive

42 506 145 570 surculi
173 527 274 590 quam
300 506 433 590 ingenio
459 507 640 590 praeceptis
663 506 888 590 philosophiae
912 530 987 574 oon·

43 595 92 658 sita
118 594 292 678 ampliores
322 597 379 658 aut
406 595 571 660 uberiores
594 595 720 659 fructus
747 595 866 661 ferunt.
903 596 987 662 Mer·

42 688 138 746 satura
161 685 272 747 autem
294 683 345 746 vel
369 683 398 746 si
423 683 530 747 tenuis
554 687 615 767 est,
644 683 773 751 sordida
796 689 858 768 est,
885 687 936 750 vel
959 687 987 750 si

42 773 147 855 ampla,
174 775 229 835 tot
256 771 402 854 exposita
429 771 593 855 periculis,
619 775 657 836 ut
685 772 800 837 merito
827 773 881 838 ille
910 773 987 838 olim

42 860 113 924 Laco
127 859 309 944 negaverit,
329 859 504 944 optabilem
518 861 578 925 sibi
592 859 694 925 videri
707 860 886 945 fortunam,
905 883 987 946 quae

41 948 218 1012 mdentibus
238 951 315 1032 apta
333 947 469 1036 esset*)3
493 949 684 1014 cuicuimodi
707 953 816 1015 autem
839 950 894 1033 sit,
916 953 988 1015 tota

41 1037 96 1100 fere
114 1037 154 1100 ad
173 1039 344 1121 quaestum
363 1041 396 1101 et
414 1037 453 1101 ad
472 1039 596 1102 luorum
614 1038 760 1102 refertur.
797 1038 843 1103 At
865 1039 987 1103 littera·

41 1147 101 1188 mm
117 1125 272 1190 tractatio
291 1129 324 1190 et
344 1125 512 1211 dignitatis
530 1127 718 1211 plenissima
736 1131 785 1192 est
805 1131 838 1191 et
861 1127 987 1212 quietis,

41 1217 69 1278 et
87 1235 138 1278 eas
157 1235 237 1299 opes
257 1217 472 1297 consectatur,
496 1237 577 1298 quae
595 1236 655 1280 nco
672 1215 791 1300 furem,
814 1237 873 1280 nee
896 1239 988 1301 prae·

41 1303 146 1368 donem
184 1303 318 1388 timent,
354 1325 414 1368 nec
450 1303 620 1388 incendiis,
656 1303 772 1388 ruinis,
808 1304 987 1389 naufragiis

41 1391 188 1456 obnoxiae
212 1396 301 1476 sunt,
323 1413 383 1456 nec
406 1392 480 1456 ullis
503 1392 639 1476 denique
663 1392 790 1456 casibus
812 1393 892 1476 eripi
915 1414 988 1476 pos·

42 1484 115 1544 sunt.
149 1479 222 1544 Iam
235 1501 312 1546 vero
331 1502 412 1564 quae
427 1479 551 1564 Apellis
571 1484 628 1545 aut
644 1479 837 1564 Protogenis
857 1480 988 1545 tabulae

42 1589 104 1632 oum
129 1569 266 1634 Homeri
293 1569 432 1654 pictura,
465 1590 547 1653 quae
574 1567 707 1633 Phidiae
735 1573 792 1633 aut
818 1568 988 1634 Praxitelis

43 1660 155 1722 statuae
171 1679 246 1722 cum
259 1659 440 1723 litterarum
454 1657 671 1723 monumentis
686 1657 826 1722 conferri
845 1658 987 1741 queant?

44 1743 119 1818 Quos
145 1747 235 1830 ipsos
248 1746 358 1812 hodie
386 1747 623 1831 ignoraremus,
652 1745 716 1810 nisi
744 1747 927 1810 solidiorem
950 1768 987 1811 ae

44 1833 267 1900 diuturniorem
300 1835 438 1920 gloriam
465 1839 573 1900 essent
599 1834 877 1899 commendatione
913 1835 989 1898 seri·

44 1925 159 2003 ptorum
189 1944 287 2006 quam
310 1924 389 1988 artis
412 1944 488 1988 suae
516 1923 666 2007 operibus
694 1923 867 1987 consecuti.
903 1920 990 1986 Nam

45 2031 116 2090 quae
131 2011 179 2075 illi
199 2010 334 2076 artificio
354 2033 412 2076 suo
431 2011 649 2094 elaborarunt,
672 2013 706 2074 et
728 2010 827 2075 solius
846 2011 989 2093 corporis

45 2097 172 2182 effigiem
197 2099 432 2183 exprimebant,
460 2103 492 2163 et
514 2121 579 2164 uno
606 2101 736 2164 tanturn
760 2098 991 2182 spectabantur

44 2185 174 2272 inlocc,
198 2190 231 2251 et
254 2209 325 2252 eam
347 2182 498 2252 naturam
520 2187 700 2272 habebant,
722 2190 760 2252 ut
782 2209 834 2271 ea,
857 2187 885 2250 si
907 2187 990 2251 nihil

44 2274 132 2360 aliud,
158 2277 232 2360 ipsa
261 2280 346 2341 certe
373 2277 594 2362 longinquitas
620 2276 775 2360 temporis
803 2275 990 2340 coniectura

43 2384 75 2426 ac
103 2368 334 2449 consumptura
366 2370 458 2430 esset.
503 2365 549 2430 At
586 2365 784 2430 cruditorum
820 2364 990 2428 hominum

43 2450 273 2518 lucubrationes
292 2457 325 2518 et
347 2455 508 2518 clarorum
521 2455 663 2518 virorum
680 2475 748 2518 non
766 2452 904 2517 formam
922 2473 990 2516 mo·

43 2539 79 2604 do
96 2543 252 2627 corporis,
271 2543 326 2606 sed
345 2543 489 2628 ingenia,
508 2563 626 2625 mores,
645 2541 792 2625 oonsilio,
810 2563 861 2605 res
881 2543 989 2626 gestas

44 2628 210 2696 subiiciunt
229 2631 344 2715 oculis,
363 2635 396 2696 et
413 2631 539 2714 iisdem,
562 2629 678 2714 quibus
697 2630 783 2695 orbis
802 2629 871 2713 ipse
890 2633 990 2692 terra-

43 2737 120 2801 rum,
141 2720 289 2784 terminis
309 2741 346 2784 ac
364 2719 550 2804 regionibus
569 2718 791 2802 eontinentur,
812 2721 845 2782 et
863 2720 990 2782 tantam

43 2805 101 2868 vim
126 2807 263 2891 habent,
295 2812 332 2872 ut
358 2809 415 2872 illa
441 2808 512 2890 ipsa
539 2807 676 2872 aliorum
704 2807 847 2872 omnium
877 2806 991 2870 hnma-

43 2913 152 2958 norum
184 2917 319 2979 operum
352 2895 528 2961 confectrix
559 2899 704 2960 vetustas
735 2895 786 2959 his
817 2894 890 2958 unis
922 2913 992 2956 non

42 2981 131 3047 modo
150 2983 233 3048 nihil
257 2985 418 3066 detrahat,
442 2984 497 3048 sed
515 2983 670 3049 maiorem
687 2984 723 3047 in
741 2983 807 3047 dies
827 2982 992 3064 comparet

3 3099 4 3120 1
42 3090 74 3132 ac
91 3073 242 3138 conciliet
261 3073 460 3158 dignitatem.
497 3067 670 3137 Trecentos
690 3070 859 3155 sexaginta
876 3069 992 3134 Deme·

41 3159 98 3222 trio
127 3159 282 3225 Phalereo
316 3165 440 3229 statuas
472 3182 580 3226 aereas
612 3161 752 3245 populus
781 3157 991 3223 Atheniensis

42 3267 124 3312 enno
142 3270 208 3314 uno
227 3270 328 3334 eoque
346 3271 414 3314 non
431 3251 501 3314 toto
520 3252 685 3334 posuerat,
706 3248 822 3333 quibus
841 3247 991 3313 omnibus

3 3403 4 3408 γ
41 3331 218 3402 Demetrius
246 3338 314 3422 ipss
342 3339 504 3422 superstes
531 3337 602 3402 fuit.
644 3337 690 3402 At
722 3357 803 3421 quae
831 3336 900 3420 ipse
928 3335 991 3400 sibi

3 3511 4 3576 l
106 3533 134 3600 *)
152 3529 207 3586 oio.
226 3527 308 3584 'ruso
326 3528 360 3583 V.
381 3535 421 3583 14.
441 3535 484 3584 40.
