2360 3944
422 260 557 316 cancro
576 263 623 316 111.
957 265 999 328 27

62 403 255 486 proferendas
275 404 420 468 adhiberi
439 405 555 469 debeat
569 407 681 471 oratio.
714 404 812 472 Ocius
832 430 909 473 usus
928 429 1001 473 cum

63 492 94 554 ad
118 513 169 556 eos
194 494 339 575 tantum,
371 493 426 576 qui
453 493 565 558 eodem
591 497 736 578 tempore
763 495 938 579 iisdemque
966 498 1001 561 in

62 580 127 643 locis
151 580 309 664 viverent,
340 581 528 666 pertineret,
554 581 617 647 hoc
648 583 786 666 amplius
817 585 1002 648 machinata

61 671 100 731 cst
119 667 287 732 hominum
310 669 453 752 solertia,
480 669 618 753 litteras,
645 692 740 756 quae,
768 675 805 735 ut
827 693 921 737 voces
944 695 1001 738 no-

58 756 184 839 tionum,
208 757 255 820 sic
277 757 339 820 hae
362 777 477 822 vocum
499 758 643 841 ipsarum
665 762 774 822 essent
796 764 906 844 notae,
934 761 1001 825 effi·

57 847 230 927 cerentque,
248 847 286 908 ut
304 849 337 908 et
355 846 504 910 absentes
523 866 596 910 cum
615 847 817 930 absentibus,
840 849 928 932 etii,
947 851 1002 931 qui

59 933 154 996 multis
177 935 254 996 ante
278 934 414 997 saeculis
437 933 634 1018 floruissent,
661 955 734 1000 cum
758 936 846 1000 omni
869 937 1002 1020 posteri-

58 1024 114 1084 tate
136 1021 229 1104 quasi
253 1021 393 1105 colloqui
415 1026 556 1105 possent

113 1107 163 1172 Ex
188 1109 278 1173 hisce
305 1109 426 1193 liquido
451 1113 598 1175 constare
621 1112 761 1178 arbitror
784 1112 831 1196 id,
858 1113 976 1196 quod
967 1134 1001 1176 ιιι

59 1196 140 1260 huius
172 1197 330 1262 sermonis
365 1199 566 1284 ingressione
602 1221 785 1283 posueram·
822 1163 1002 1266 brctioncm

59 1305 116 1348 nou
146 1285 411 1350 oblectandamm
444 1287 570 1351 aurium
606 1309 719 1352 caussa
755 1289 849 1353 uobis
882 1310 950 1353 esse
983 1311 1000 1352 a

59 1376 106 1436 nat
107 1395 163 1436 ura
192 1374 362 1458 tributam,
394 1375 450 1439 sed
481 1379 519 1440 ut
550 1375 689 1460 animus,
724 1397 797 1440 cum
829 1398 862 1440 sc
894 1399 1002 1440 rerum

59 1462 232 1546 cognitione
255 1465 444 1546 saturasset,
470 1463 617 1546 haberet,
645 1486 708 1547 quo
736 1464 832 1528 modo
857 1464 937 1528 alios
961 1464 1001 1528 ad

59 1571 156 1613 aarum
178 1551 502 1616 communicationem
524 1572 638 1617 vocare
661 1556 779 1635 posset.
813 1551 883 1627 Quo
906 1553 1001 1617 modo

60 1642 155 1701 autem
182 1641 337 1722 poterunt
367 1643 425 1704 aut
456 1639 632 1723 quidquam
663 1639 897 1706 communicare
929 1663 1000 1705 cum

60 1727 131 1809 eliis,
158 1727 214 1810 qui
236 1727 319 1791 nihil
340 1729 403 1812 ipsi
424 1729 489 1792 nisi
511 1729 600 1812 loqui
623 1727 805 1811 didicerint,
833 1732 890 1792 aut
912 1729 1000 1812 quid-

60 1835 143 1896 quam
175 1815 341 1900 egregium
376 1816 511 1900 discere,
546 1815 609 1880 nisi
645 1817 700 1900 qui
735 1817 1000 1901 philosophorum

60 1907 258 1967 monumenta
292 1903 524 1968 contriverint?
570 1903 701 1969 Etenim
737 1906 793 1988 qui
824 1908 901 1969 sunt
931 1909 1000 1968 tau-

59 1989 121 2054 dem
142 1992 315 2075 scriptores
337 1993 399 2076 illi,
426 1993 481 2076 qui
508 1993 658 2058 distincte
681 1990 928 2076 ordinateque*)
956 1993 1001 2056 di·

61 2079 139 2142 cendi
156 2084 331 2163 praecepta
348 2081 505 2145 tradunt?
527 2081 727 2165 philosophi;
750 2081 805 2164 qui
823 2101 930 2144 rerum
949 2081 1001 2144 ad-

59 2167 256 2251 mirabilium,
279 2189 360 2252 quae
383 2170 418 2232 in
439 2170 534 2234 terris
553 2169 736 2253 mundoque
754 2168 850 2252 fiunt,
873 2189 1002 2234 caussas

58 2255 218 2338 aperiunt?
246 2255 445 2341 philosophi3
472 2258 528 2342 qui
549 2258 736 2340 herbarum,
764 2257 819 2339 qui
846 2257 1003 2341 stirpium,

58 2344 104 2425 qui
129 2345 345 2409 animantium
372 2349 475 2428 ortus,
506 2366 709 2430 progressus,
736 2348 883 2428 naturas,
910 2346 1003 2429 vires,

56 2433 203 2496 utilitates
231 2433 488 2517 persequuntur?
515 2434 711 2517 philosophi3
739 2433 793 2516 qui
821 2433 859 2496 de
888 2433 1002 2516 officio,

56 2522 102 2600 qui
129 2521 169 2584 de
197 2520 330 2605 virtute,
363 2522 417 2605 qui
444 2522 483 2586 de
510 2523 636 2587 ratione
663 2521 880 2586 instituendae
909 2522 1003 2605 vitae,

56 2609 101 2690 qui
123 2609 163 2672 dc
187 2609 392 2674 moderandis
412 2610 578 2674 affectibus
597 2608 786 2693 disputant?
808 2609 1003 2694 philosophi.

55 2697 294 2780 lphilosophis
309 2699 413 2762 omnis
428 2698 575 2763 doctrina
591 2698 745 2781 liberalis,
764 2720 784 2761 a
802 2698 1003 2781 philosophis

55 2786 151 2849 omnis
175 2785 326 2869 historia,
348 2807 368 2849 a
390 2786 591 2870 philosophis
611 2787 715 2851 omnis
734 2786 852 2850 artium
865 2787 1003 2850 varietas

54 2875 128 2937 sumi
156 2877 279 2958 potest3
307 2874 348 2938 ab
375 2875 425 2940 his
453 2879 610 2958 oratores,
639 2876 679 2940 ab
707 2874 758 2938 his
785 2875 1004 2956 imperatores,

8 3037 9 3040 Ἴ
55 2960 158 3026 abhis
177 2963 501 3047 rerumpublicarum
520 2967 660 3028 rectores
679 2963 883 3044 exstiterunt,
900 2983 1003 3044 neque

55 3051 219 3134 quisquam
238 3073 382 3134 unquam
397 3053 501 3116 autin
515 3051 649 3116 dicendo
664 3050 768 3114 autin
782 3048 877 3112 rebus
892 3069 1002 3134 geren-

8 3149 10 3226 1
55 3137 95 3202 dis
118 3139 284 3222 excelluit,
307 3139 363 3222 qui
385 3160 453 3204 uon
474 3140 563 3223 prius
586 3140 622 3202 in
644 3136 911 3222 philosophorum
934 3137 1002 3203 offi-

54 3227 119 3290 cina
140 3227 264 3310 politus
288 3247 325 3290 ac
348 3227 478 3291 limatus
500 3227 623 3291 fuisset.

111 3313 161 3379 Ac
187 3314 268 3378 mihi
290 3313 420 3397 quidem
447 3335 676 3398 saepenumero
703 3313 878 3398 permirum
904 3315 1003 3378 videri

9 3513 10 3548 ³
96 3523 121 3590 *)
140 3522 202 3576 Ηοο
222 3523 312 3576 habet
330 3523 366 3576 ab
380 3523 501 3578 Auctore
520 3523 557 3576 ad
575 3523 694 3578 Herenn.
714 3523 760 3578 IV.
781 3529 822 3576 56.
842 3522 891 3576 ubi
908 3524 1004 3575 tamen

9 3623 10 3672 ,
56 3589 95 3645 alii
111 3593 180 3647 libn'
198 3593 339 3663 praebent
357 3598 460 3649 ornate.
487 3593 582 3648 Cicero
602 3593 719 3648 dixisset
737 3593 840 3647 ordine.
868 3591 979 3644 Ruhnk.
