2360 3944
425 254 559 308 ORATIO
578 255 598 307 l.
972 255 992 318 3

63 420 147 462 meam
163 397 362 462 commodius
381 399 559 462 orationem
577 419 672 480 posse
689 399 823 481 versari,
841 421 937 481 quam
957 400 993 482 si,

62 487 218 550 litterarum
238 485 408 568 disciplina
422 489 578 569 quantum
593 507 661 550 non
680 488 861 551 ornamenti
880 488 992 570 solum,

63 595 152 636 verum
177 574 277 638 etiam
304 574 453 656 praesidii
478 574 566 636 ‘bene
594 576 779 658 temperatis
808 575 1005 639 civitatibus·

62 662 165 744 afferat,
186 665 259 726 tum
283 661 434 726 adhibitis
456 663 650 745 rationibus,
677 665 746 726 tum
769 663 867 726 etiam
890 685 992 727 exem-

61 751 109 832 plis
136 753 229 833 atque
260 769 299 813 ex
326 750 487 814 veteribus
515 751 648 814 saeculis
674 751 812 833 repetita
838 753 992 816 memoria

60 859 210 920 exponam:
238 837 369 901 minime
391 838 424 902 id
448 838 589 922 quidem,
613 860 675 920 quo
699 859 770 921 vos,
792 840 874 901 tales
897 840 992 922 viros,

61 925 333 1008 commonefaciam,
343 927 571 990 excellentibus
585 947 605 988 a
618 929 736 988 natura
749 927 888 1010 ingeniis
902 949 992 1010 prae-

60 1013 139 1096 ditos,
165 1014 309 1078 eruditos
333 1035 352 1076 a
374 1015 488 1078 studiis
515 1014 696 1078 liberalium
719 1014 950 1096 doctrinarum,
973 1037 993 1078 a

61 1100 190 1166 [liutomo
216 1101 408 1184 assiduoque
430 1123 622 1186 magnarum
646 1123 753 1166 rerum
776 1125 835 1166 usu
862 1104 992 1186 peritos

60 1189 102 1250 sed
118 1191 188 1272 quia
208 1189 347 1252 libenter
363 1189 463 1272 facio,
485 1193 534 1272 ut,
552 1212 688 1272 quarum
706 1191 824 1254 artium
842 1194 993 1273 percepta

61 1277 173 1340 scientia
206 1299 466 1362 unumquemque
497 1282 639 1342 vestrum
670 1278 876 1342 vehementer
907 1278 992 1341 affici

60 1368 179 1448 constat,
208 1387 319 1430 earum
342 1367 467 1430 animos
491 1372 613 1431 vestros
640 1366 780 1429 iucunda
802 1387 992 1430 commemo·

59 1453 164 1516 ratione
187 1453 354 1516 delectem.
391 1453 479 1528 Quae
503 1475 576 1518 eum
598 1456 645 1516 ita
667 1475 700 1517 se
723 1455 878 1537 habeant,
901 1454 992 1516 mihi-

60 1560 107 1620 que
133 1541 203 1624 ipsa
235 1563 293 1624 per
330 1563 363 1605 se
396 1541 537 1606 delectae
568 1541 609 1605 ad
641 1541 810 1605 dicendum
840 1543 993 1606 materiae

60 1627 180 1710 dignitas
201 1629 282 1692 satis
304 1651 457 1714 magnam
478 1629 673 1718 audientiam
695 1630 821 1694 factura
838 1630 993 1712 videatur,

60 1721 149 1780 temen
175 1718 283 1802 magis
311 1718 554 1800 consuetudine,
582 1739 678 1800 quam
701 1719 786 1800 qnod
813 1719 859 1781 ita
886 1739 994 1782 neces-

60 1805 158 1868 sarium
184 1807 338 1889 iudicem,
364 1811 473 1889 petam
496 1829 515 1869 a
537 1806 642 1888 vobio,
669 1809 706 1869 ut
731 1806 824 1888 mihi,
850 1827 901 1869 res
924 1807 993 1888 pul·

60 1893 189 1957 cerrimas
224 1894 314 1958 brevi
346 1894 491 1958 oratione
519 1893 787 1977 comprehendere
816 1894 993 1976 meditanti,

59 1979 146 2064 exigui
166 1983 326 2065 temporis
349 1983 562 2046 attentionem
584 2003 624 2045 ne
648 1981 822 2064 denegetis

110 2067 230 2153 Magna
253 2070 385 2134 omnino
406 2070 454 2133 vis
478 2090 694 2154 magnumque
716 2071 916 2132 momentum
938 2091 993 2151 po-

58 2153 137 2219 situm
157 2161 208 2220 est
232 2158 267 2220 in
289 2158 418 2240 litteris,
441 2157 502 2222 viri
520 2157 722 2240 amplissimi,
745 2157 785 2220 ad
804 2177 993 2220 conservan-

58 2241 102 2304 das
126 2245 285 2327 bonisque
308 2246 516 2310 cumulandas
538 2245 687 2310 omnibus
710 2245 864 2308 civitatee.
908 2243 940 2308 N
943 2267 993 2308 am

57 2349 114 2394 eum
135 2332 276 2398 felicitas
298 2333 441 2416 publica,
469 2333 510 2396 ad
533 2333 794 2416 quamehumana
817 2333 925 2397 omnia
947 2356 994 2397 re·

55 2416 171 2484 ferenda
189 2425 283 2504 sunt,
301 2421 534 2506 esingulorum
553 2421 670 2484 civium
687 2421 841 2484 felicitate
859 2425 994 2504 constet,
1088 2451 1092 2458 ·

57 2504 245 2591 singrlorum
268 2513 376 2572 autem
397 2509 534 2573 felicitas
556 2510 592 2572 in
614 2509 787 2574 excolenda
807 2509 994 2572 exercenda-

56 2613 104 2673 que
120 2597 242 2660 virtute
264 2597 435 2681 praecipue
458 2598 521 2660 sita
544 2598 599 2680 sit,
622 2600 655 2660 et
677 2597 717 2660 ad
739 2597 916 2679 perfectam
934 2598 994 2660 vir⁴

55 2683 142 2746 tutem
174 2685 436 2768 consequendam
467 2686 680 2749 necessariam
711 2685 873 2767 quandam
905 2707 994 2767 prae-

55 2773 225 2837 cursionem
248 2773 424 2838 adhibeant
450 2774 589 2838 litterae:
616 2772 695 2836 illud
718 2773 863 2855 profecto
886 2793 995 2838 conse·

55 2859 162 2945 quitur,
193 2865 247 2944 ut,
273 2861 338 2924 nisi
366 2862 402 2924 in
429 2883 493 2944 qua
519 2861 700 2924 litterarum
727 2862 852 2924 cultura
878 2861 996 2944 vigeat,

53 2944 151 3012 llorere
179 2949 330 3014 absolute
358 2949 470 3012 civitas
496 2950 586 3013 nulla
612 2948 723 3032 possit.
767 2947 882 3012 Ponite
904 2948 996 3012 vobis

54 3038 116 3098 ante
133 3039 247 3102 oculos
269 3059 381 3102 omnes
404 3037 519 3100 aetatis
541 3037 701 3100 humanae
724 3040 845 3119 partes,
868 3057 997 3100 omnem

53 3123 245 3202 publicorum
267 3130 450 3208 temporum
467 3125 669 3208 varietatem,
692 3145 803 3188 omnes
825 3123 996 3188 instituen-

53 3209 100 3274 dae
129 3215 219 3278 ritae
255 3215 399 3278 rationes
431 3217 464 3276 et
494 3213 563 3276 vias
596 3212 704 3276 animo
737 3215 770 3274 et
800 3212 997 3296 cogitatione

51 3303 232 3380 percurrite:
254 3303 378 3366 nullam
401 3301 533 3366 omnino
556 3300 734 3384 reperietis,
757 3322 838 3382 quae
861 3322 929 3364 non
951 3301 998 3365 ita

52 3385 223 3454 litterarum
243 3389 360 3454 auxilio
378 3389 536 3474 indigeat,
554 3393 604 3473 ut,
621 3410 675 3453 eas
695 3389 806 3470 siquis
825 3389 998 3472 sustulerit,

52 3476 138 3542 solem
152 3479 265 3562 ipsum
280 3478 318 3541 de
337 3477 457 3541 mundo
477 3478 643 3542 sustulisse
657 3476 811 3540 videatur.
842 3475 910 3539 Eae
928 3498 998 3559 nos,

52 3563 96 3626 ubi
112 3567 258 3648 primum
275 3565 398 3629 firmius
416 3565 563 3630 incedere
577 3569 673 3648 atque
692 3565 891 3628 articulatius
909 3564 998 3646 loqui

803 3671 838 3716 1*
