2330 3944
337 287 342 298 ,
388 215 524 270 cauum
543 215 617 270 111.
918 216 981 280 141

79 353 135 422 llic,
151 355 286 425 inquit*)‚
299 369 352 423 per
370 361 506 432 eateutupc
524 357 617 424 facem
635 358 702 411 milui
715 373 796 426 posse
813 359 921 414 ciderio·

79 429 222 495 lupulto,
239 442 326 480 meum
344 427 394 494 qui
408 432 503 494 pectem
521 428 643 481 inaniter
661 429 753 498 cupit,

78 500 181 562 irritat,
197 499 308 561 mulcet,
326 497 408 562 falsis
426 497 575 550 terroribus
594 499 700 565 implet,

82 569 229 638 1111111911,
247 573 272 621 et
289 568 368 621 modo
386 584 427 622 me
447 567 544 622 Thebis
562 570 640 622 inodo
656 571 736 637 ponit
754 569 876 624 Athenas.
966 631 969 636 ,

100 713 207 778 Paullo
235 712 329 776 aliter
356 712 495 798 explicat
521 710 713 778 Aristoteles
741 735 888 778 caussam
915 714 983 777 eius

51 801 217 885 voluptatis,
240 822 338 884 quam
361 821 400 864 ex
422 800 512 884 poesi
534 801 691 884 capimus:
719 801 775 866 sed
802 801 884 866 nihil
910 823 983 884 pro·

51 890 120 953 hibet
140 889 234 954 aliter
256 911 276 952 a
297 889 444 972 pluribus
467 888 578 953 eadem
601 890 640 952 de
662 911 696 954 rc
719 894 753 954 ct
778 893 888 954 tamen
910 910 983 954 1111

51 978 80 1041 ab
106 977 251 1043 omnibus
290 977 456 1060 disputari.
500 976 558 1042 Ait
594 978 694 1062 igitur
725 975 985 1063 Aristoteles**),

51 1069 145 1130 natura
173 1069 395 1149 comparatum
423 1085 506 1150 esse,
537 1069 574 1130 11
602 1087 712 1131 omnes
739 1065 886 1130 homines
914 1066 983 1130 imi·

51 1156 151 1218 tatione
184 1153 364 1238 gaudeant·
379 1156 413 1218 11
443 1175 483 1218 ex
510 1154 606 1218 rebus
633 1155 789 1220 imitando
817 1155 984 1238 expressis,

51 1243 235 1308 cuicuimodiv
254 1242 386 1306 tandem
421 1241 495 1306 illae
533 1243 612 1326 sint,
649 1243 847 1325 voluptatem
883 1243 983 1325 perei-

50 1331 133 1414 piant3
159 1331 236 1395 huic
263 1331 310 1394 rei
336 1333 527 1415 argumento
555 1351 624 1395 esse
654 1331 818 1414 puerulos,
846 1331 901 1412 qui
927 1351 983 1394 ua·

50 1424 105 1482 tura
121 1421 201 1484 duce
219 1418 340 1482 imitari
358 1419 467 1484 omnia
485 1419 639 1504 gestiant3
657 1423 690 1482 11
706 1419 769 1482 hoc
782 1419 834 1481 vel
847 1418 983 1480 maxime

51 1507 154 1572 differre
167 1507 316 1572 homines
330 1528 351 1571 a
364 1507 479 1572 ceteris
492 1507 725 1590 animantibus,
738 1506 824 1590 quod
837 1505 984 1572 homines

50 1599 145 1662 1111111
176 1596 314 1660 maxime
349 1595 429 1660 iacti
461 1596 527 1660 sint
557 1596 599 1660 ad
630 1595 830 1660 imitandum.
874 1593 984 1678 Addit,

51 1707 113 1766 quae
133 1685 239 1768 prima
255 1683 403 1750 homines
426 1683 567 1767 discunt,
589 1683 745 1748 imitando
765 1683 857 1767 disci,
879 1703 983 1766 neque

51 1795 214 1858 quenquam
237 1793 306 1838 csse
329 1774 407 1856 quin
430 1773 525 1838 rebus
547 1772 705 1836 imitando
727 1771 884 1855 expressis
907 1790 984 1855 gau-

51 1861 118 1945 deat,
148 1862 248 1926 etiam
279 1862 332 1944 iis,
363 1881 443 1945 quas
475 1881 566 1926 veras
598 1861 700 1926 nollet
729 1861 885 1942 aspicere:
916 1880 984 1922 non

51 1949 129 2033 igitur
150 1951 269 2015 mirum
291 1971 374 2032 esse,
396 1970 470 2013 cum
492 1949 597 2033 po‘e'sis
620 1949 758 2013 imitatio
782 1948 836 2030 sit,
858 1949 984 2010 tantam

53 2057 83 2100 ex
98 2061 129 2104 ca
150 2039 193 2104 ab
216 2038 366 2102 omnibus
388 2038 511 2121 percipi
532 2039 739 2120 voluptatem.
774 2034 877 2117 Haec,
905 2037 943 2098 ut
965 2056 985 2097 a

52 2127 175 2192 usitatis
190 2126 411 2190 amantissimo
435 2125 628 2210 philosopho
651 2124 771 2189 tradita
794 2126 883 2207 sunt,
906 2122 985 2206 quin

51 2215 129 2279 etiam
162 2215 329 2280 verissima
364 2215 443 2297 sint,
480 2214 620 2278 dubitari
659 2234 727 2278 non
761 2215 877 2296 potest.
922 2208 985 2274 Sed

50 2303 113 2366 nihi
145 2307 257 2368 tamen
291 2303 454 2384 interdum
489 2321 557 2368 non
587 2323 720 2386 parvam
752 2300 986 2366 dubitationem

50 2393 217 2458 armerum.
249 2389 301 2456 Ita
319 2391 405 2456 enim
423 2411 548 2456 mecum
566 2390 762 2476 cogitabam:
785 2389 871 2472 quod
892 2388 984 2452 oculo

49 2478 91 2541 lux
110 2484 169 2564 est,
190 2480 277 2544 idem
299 2500 369 2544 csse
392 2479 500 2544 animo
523 2479 704 2562 veritatem,
727 2480 759 2542 11
781 2475 984 2561 quemadmo-

49 2565 110 2632 dum
126 2569 195 2634 luce
214 2568 343 2632 oculum
357 2567 510 2652 gaudere,
533 2567 705 2631 abhorrere
723 2588 743 2630 a
760 2566 917 2649 tenebris,
940 2564 985 2628 sic

49 2656 155 2722 animos
177 2659 307 2721 nostros
330 2656 387 2740 iis,
409 2677 491 2739 quae
513 2677 589 2720 vera
611 2657 701 2739 sunt,
728 2655 880 2739 gaudere,
903 2673 984 2736 quae

49 2741 117 2808 falsa
138 2747 227 2828 sunt,
249 2766 287 2808 ea
310 2745 476 2827 aspernari
498 2765 536 2808 ac
558 2743 714 2829 refugere.
749 2742 794 2808 Et
814 2740 985 2824 Euripides

49 2833 159 2912 quidem
190 2831 456 2898 iucundissimum
488 2853 557 2897 esse
585 2832 643 2916 ait,
675 2832 768 2915 scire,
794 2829 985 2894 Aristoteles

48 2924 139 2985 autem
161 2921 292 2986 discere.
329 2919 473 2996 Quorum
494 2921 617 2985 utrovis
640 2921 761 3003 posito,
787 2918 870 2982 nihil
892 2937 985 2982 verae

49 3027 78 3069 ae
97 3010 232 3093 liquidae
254 3009 431 3092 voluptatis
455 3030 472 3072 1
494 3009 590 3073 rebus
612 3008 703 3072 falsis
725 3006 847 3090 percipi
868 3007 986 3088 potest.

48 3090 129 3160 Falsa
150 3098 236 3162 enim
257 3119 362 3180 neque
385 3097 460 3163 sciri
482 3118 586 3180 neque
609 3096 688 3160 disci
710 3096 841 3179 queunt.
872 3092 917 3158 ut
938 3095 986 3157 ta·

47 3203 111 3248 nen
146 3185 228 3250 falso
269 3185 409 3270 gaudere
449 3185 596 3249 homines
641 3183 751 3248 multis
789 3181 987 3268 argumentis

47 3271 116 3336 nihi
136 3273 265 3338 uidebar
286 3294 382 3358 posse
404 3273 598 3358 pervincere.
633 3271 720 3338 Nam
742 3273 776 3338 ct
797 3272 888 3357 potui
910 3291 987 3358 gau·

48 3479 185 3604 1111111θὲ1.
207 3481 243 3536 11.
268 3487 292 3535 1.
315 3487 375 3536 210.
400 3499 459 3550 sqq.
564 3483 606 3549 **)
631 3481 708 3536 Post.
733 3499 756 3537 c.
780 3486 804 3537 3.
827 3479 941 3535 Rhctcr.
966 3479 986 3532 I.
