2330 3944
188 187 252 252 160
549 185 685 240 ORATIO
704 185 777 240 XVI.

187 353 248 417 que
281 332 436 416 religione
463 327 694 417 Iudaeorum*)
731 332 828 416 vulgo
861 332 945 396 inter
974 331 1115 414 imperitos

187 423 220 486 et
241 421 386 484 veritatis
409 420 541 504 ignaros
565 420 885 503 circumferebantur,
911 420 951 484 ad
978 441 1015 483 ea
1038 421 1116 503 respi-

187 509 288 592 ciens,
308 508 455 572 Tacitum
469 508 710 573 mendaciorum
728 509 988 592 loquacissimum
1000 509 1116 588 vocavit,

187 597 361 680 eademque
379 617 430 660 res
449 617 602 680 magnam
621 597 734 662 Tacito
754 598 840 681 apud
858 598 977 661 multos
991 596 1117 660 conflavit

186 685 364 750 infamiam.
401 683 463 750 Sed
486 707 546 750 nos
570 686 597 750 si
619 685 682 750 hoe
703 690 849 770 tempore
867 685 949 750 nihil
971 685 1118 769 legendum

187 777 352 858 putamus,
379 773 442 838 nisi
469 774 555 857 quod
583 795 656 838 eum
679 771 864 838 Christiana
890 775 1042 859 religione
1063 795 1118 837 con-

188 864 321 945 sentiat,
340 862 526 926 omittamus
545 883 621 926 sane
641 885 753 928 omnes
771 864 844 928 illos
863 866 986 927 veteres
1005 861 1119 925 Graecos

188 951 385 1034 Latinosque
405 951 585 1034 scriptores.
612 949 732 1015 Exulet
749 973 768 1015 a
783 950 1037 1017 Christianorum
1050 950 1119 1014 scho-

188 1041 228 1104 lis
250 1039 425 1122 Homerus,
448 1041 555 1104 exulet
576 1038 737 1104 Hesiodus
761 1044 794 1104 et
816 1062 881 1104 uno
910 1041 1009 1104 verbo
1032 1060 1120 1104 omnes

189 1127 314 1209 antiqui
341 1130 464 1210 potitae.
504 1127 608 1192 Nemo
636 1132 686 1192 est
713 1129 799 1192 enim
827 1151 866 1192 ex
891 1129 969 1213 illis,
998 1128 1121 1212 quinon

188 1215 333 1282 Deorum
359 1216 520 1280 infinitam
546 1217 710 1300 quandam
737 1217 979 1281 multitudinem
1005 1217 1120 1280 inducat.

188 1302 293 1369 Nemo
316 1303 487 1368 Platonem
511 1307 665 1390 attingat:
693 1306 761 1370 eius
789 1307 875 1370 enim
903 1305 1011 1370 studio
1034 1305 1121 1388 depra-

188 1396 284 1458 vatus
311 1396 362 1458 est
388 1391 557 1478 Origenes,
594 1398 626 1458 ct
658 1394 807 1459 fortassis
840 1416 879 1458 ex
910 1394 1024 1458 eodem
1052 1393 1122 1457 fonte

188 1481 309 1546 fluxere
340 1480 531 1546 Manichaei.
575 1481 679 1547 Nemo
712 1481 921 1547 Aristotelem
954 1483 1053 1568 legat,
1084 1480 1123 1564 qui

189 1591 272 1653 quae
295 1571 334 1634 de
357 1571 470 1634 mundi
488 1572 691 1654 aeternitate,
715 1593 796 1654 quae
820 1571 858 1636 de
876 1571 1020 1635 hominis
1038 1570 1123 1634 animo

189 1659 347 1740 disputat,
365 1659 411 1720 eis
428 1658 511 1722 nihil
528 1663 636 1742 potest
654 1657 856 1724 Christianae
874 1659 1026 1744 religioni
1043 1659 1124 1742 magis

189 1766 259 1808 esse
288 1747 493 1810 contrarium
534 1747 757 1831 Repudientur
784 1747 947 1814 Ciceronis
982 1769 1051 1813 cum
1076 1747 1125 1830 ple-

189 1855 289 1918 raque
312 1835 389 1919 alia,
410 1838 481 1898 tuni
503 1836 577 1900 libri
599 1837 770 1920 praecipue
794 1837 832 1902 de
854 1837 924 1902 fato
929 1837 1002 1922 ,de
1026 1837 1125 1900 divina-

188 1923 293 2007 tione,
316 1923 431 1988 det
373 1927 431 1988 nat
432 1945 490 1989 ura
508 1924 652 1990 deorum.
675 1927 848 2009 manifesta
866 1889 952 1991 enirir
972 1924 1126 2010 impietatis

190 2016 224 2078 et
253 1975 435 2092 ddcdcqroc
467 2015 591 2079 semina
621 2016 698 2079 cont
699 2015 798 2080 inent.
776 2014 888 2080 tAt
918 2015 967 2079 illi
1001 2015 1127 2079 vixerunt

190 2105 366 2189 antequam
388 2103 536 2170 Christus
563 2107 761 2188 nasceretur,
787 2103 922 2188 ideoque
950 2103 999 2168 eis
1021 2101 1127 2167 facilius

189 2192 316 2276 ignosci
334 2197 450 2278 potest.
480 2192 686 2276 Primum,
661 2215 688 2256 s1
707 2215 787 2276 opus
806 2193 861 2278 sit,
885 2192 1000 2258 docere
1018 2191 1128 2277 possin,

189 2280 275 2344 hanc
303 2281 541 2346 excusationem
571 2301 640 2345 non
670 2281 763 2346 valde
796 2281 836 2345 ad
863 2281 896 2345 id
924 2281 1013 2365 quod
1041 2281 1129 2366 agitur

189 2369 359 2454 pertinere.
391 2367 468 2434 Non
486 2369 573 2433 enim
595 2370 623 2434 si
641 2371 843 2474 antiquiores
860 2369 1008 2456 fuerunt,
1030 2370 1129 2434 idcirco

190 2459 297 2521 minus
325 2478 440 2541 pravas
468 2457 637 2541 opiniones
668 2459 807 2523 inserere
833 2459 869 2523 in
896 2459 1014 2525 animis
1041 2459 1130 2543 legen

190 2548 273 2610 tium
291 2550 438 2630 possunt.
466 2545 528 2611 sed
548 2547 658 2611 demus
676 2547 738 2612 hoc
752 2547 872 2650 aliquid
892 2569 971 2614 esse.
1002 2547 1132 2613 Tollatur

190 2635 292 2720 igitur
319 2632 546 2700 Suetonius:'
537 2655 572 2698 ιιι
603 2633 733 2700 Nerone
766 2637 852 2700 enim
883 2637 922 2701 de
954 2634 1131 2702 Christianis

190 2724 423 2790 contumeliose
442 2727 488 2789 et
519 2724 617 2808 impie
650 2723 843 2813 scripsit**).
888 2723 965 2791 Non
997 2727 1133 2812 legantur

191 2813 347 2897 epistolae
369 2813 479 2878 Plinii:
508 2812 684 2877 ostendunt
710 2815 796 2878 enim
823 2835 897 2880 eum
923 2837 992 2880 non
1019 2819 1132 2879 tantum

192 2902 397 2968 abhorruisse
426 2923 445 2965 a
471 2901 627 2986 religione
654 2906 780 2988 nostra,
813 2903 868 2968 sed
901 2905 999 2969 etiam
1030 2901 1134 2968 iudicia

191 2993 369 3058 exercuisse
389 2991 540 3056 adversus
559 2989 760 3056 Christianos
784 2997 817 3056 et
839 3013 949 3057 eorum
971 2991 1134 3057 nonnullos

191 3081 344 3146 adhibitis
372 3082 541 3147 tormentis
570 3079 610 3144 ad
637 3079 824 3145 eiurandam
852 3079 971 3146 Christi
996 3079 1135 3144 militiam

191 3167 470 3256 compulisse***).
519 3169 674 3233 Deleatur
709 3169 916 3254 gravissimus
952 3173 985 3232 et
1016 3166 1134 3233 utilissi-

191 3278 263 3322 mus
309 3258 459 3342 scriptor,
503 3256 708 3323 Plutarchus:
754 3258 881 3323 easdem
926 3257 1025 3342 enim,
1066 3275 1135 3339 quas

192 3539 218 3592 X
245 3471 280 3596 3),
290 3465 378 3521 Tacit.
398 3465 469 3520 Hist.
488 3464 521 3520 V.
535 3453 566 3520 'a
586 3471 628 3520 aa.
714 3468 755 3538 **)
776 3483 835 3537 cap.
857 3473 897 3522 rs.
983 3466 1041 3536 ***)
1061 3463 1134 3535 epist.
