2328 3956
396 214 576 271 EPISTOLA
593 217 624 270 L.
940 217 982 282 63

53 357 172 436 dubium,
194 358 356 424 neminem
378 360 542 425 volentem
563 357 842 445 θριαμβεύεσθαι.
878 361 981 428 Nemo

51 446 118 510 enim
141 447 251 512 volens
277 448 419 512 vincitur
446 452 503 512 aut
530 470 652 534 poenas
682 450 737 515 dat
764 451 807 535 ei,
830 449 982 516 adversus

51 552 126 618 quem
147 535 267 600 bellum
281 537 389 620 gessit.
425 536 548 603 Versus
570 539 619 602 tui
638 557 705 604 non
727 538 878 604 insuaves
893 544 983 624 sunt3

50 626 74 685 et
92 623 237 688 eritmihi
260 629 397 710 gratum,
421 626 449 692 si
469 630 512 710 te,
535 647 608 691 oum
630 627 748 712 licebit,
771 629 806 692 in
819 627 882 694 hoo
906 649 983 713 quo·

50 732 96 794 que
119 732 233 796 genere
261 733 416 780 exerceas.
465 713 556 780 Vale.
583 715 715 782 Romae.
742 727 787 783 lv.
814 715 861 782 Id.
888 715 983 782 Mart.

48 817 169 868 aomar.

428 965 587 977 .-.-.-.

488 1115 516 1186 L

225 1244 273 1319 Μ.
301 1244 544 1321 ANTONlUS
571 1235 795 1322 MURETUS

311 1373 435 1438 PAULO
454 1373 620 1440 SACRATO
640 1381 708 1439 SUO

476 1490 498 1531 s.
512 1491 539 1532 n.

95 1611 244 1680 Proxime
267 1635 341 1679 oum
354 1617 469 1682 vellem
493 1617 579 1682 adte
603 1615 750 1699 seribere,
773 1637 869 1700 quam
892 1619 984 1700 grate

44 1700 108 1766 mihi
128 1703 271 1768 fuissent
292 1703 444 1791 insitia²)‚
468 1727 550 1790 quae
572 1708 609 1768 tu
632 1707 665 1768 et
677 1702 861 1768 Alexander
883 1703 984 1770 Cana-

43 1788 90 1854 lius
111 1791 151 1856 ad
175 1813 230 1856 me
251 1792 426 1877 miseratis,
447 1791 495 1858 ita
520 1814 572 1859 me
599 1793 706 1858 subito
728 1795 832 1858 multa
854 1794 986 1878 negotia

44 1884 270 1965 oppresserunt,
290 1884 328 1946 ut
341 1885 471 1948 coaetus
495 1882 556 1946 sim
575 1881 716 1947 officium
738 1881 819 1945 illud
840 1881 876 1944 in
899 1881 986 1946 aliud

43 1969 153 2051 tempus
178 1968 318 2035 reiicere.
357 1969 454 2036 Nune
476 1970 577 2055 igitur
598 1969 726 2054 utrique
748 1972 891 2034 vestrum
914 1990 985 2054 gra·

41 2054 102 2139 tiae,
124 2060 163 2121 ut
188 2056 298 2142 debeo,
319 2059 476 2125 maximas
499 2079 571 2144 ugo,
594 2059 752 2143 simulque
770 2061 816 2142 ut,
839 2079 903 2142 qua
920 2080 986 2122 una

41 2145 151 2210 ratione
176 2166 320 2231 possum,
341 2169 400 2213 vos
413 2168 607 2231 remunerer,
628 2147 723 2211 mitto
747 2146 788 2210 ad
810 2167 868 2211 sos
883 2167 986 2212 exem-

41 2232 84 2313 ple
104 2233 169 2299 duo
195 2235 346 2300 carminis
369 2236 535 2301 cuiusdam
557 2236 621 2300 mei
636 2235 677 2300 ad
700 2235 806 2300 divam
828 2235 987 2320 virginem

41 2318 262 2407 Lauretanam,
285 2325 371 2408 quod
393 2324 494 2409 vobis,
517 2323 545 2389 si
567 2325 657 2388 nulla
677 2324 741 2388 alia
763 2345 806 2403 re,
830 2328 914 2388 oerte
938 2345 987 2388 ar-

41 2415 186 2490 gumento
209 2410 358 2496 placebit.
402 2411 524 2480 Versus
551 2413 614 2496 ipsi
641 2412 671 2477 si
695 2411 879 2497 frigidiores
902 2411 987 2476 vide-

41 2497 165 2586 buntur,
195 2503 289 2566 tanto
317 2499 458 2566 iudicare
481 2499 639 2566 debebitis
665 2521 783 2566 munus
806 2521 914 2565 meum
937 2521 988 2566 ae-

40 2571 267 2655 eommodatius
289 2589 429 2654 adhane
450 2592 676 2676 tempestatem
690 2589 777 2674 anni,
800 2611 863 2674 qua
885 2587 989 2674 frigus

41 2677 174 2744 studiose
207 2697 360 2763 quaerere
392 2699 504 2744 omnes
537 2680 685 2744 solemus.
735 2677 852 2753 Quales
880 2681 989 2742 autem

40 2785 156 2852 cunque
171 2765 376 2852 videbuntur,
398 2787 466 2832 non
487 2784 609 2851 recuso,
633 2765 712 2851 quin
734 2787 789 2830 eos
813 2767 989 2830 eommuni-

41 2855 107 2918 cetis
131 2877 208 2920 eum
220 2854 389 2942 Paludino,
403 2853 624 2921 Monteoetino
648 2853 824 2940 ceterisque
848 2874 989 2918 eommu-

38 2941 124 3009 nibus
154 2944 282 3010 amieis:
314 2963 415 3030 prope
448 2945 546 3010 etiam
574 2943 652 3029 dixi,
684 2963 757 3008 eum
784 2941 904 3026 Pigna3
934 2943 990 3006 sed

40 3033 140 3118 audio,
170 3053 244 3098 eum
266 3032 360 3098 valde
388 3053 535 3099 severum
562 3053 632 3099 esse
654 3031 690 3097 in
712 3029 892 3096 iudicandis
914 3034 990 3114 poi·

39 3122 136 3186 matie.
188 3121 229 3188 ue
255 3126 379 3207 tamen,
406 3123 482 3207 quia
509 3143 561 3186 me
589 3121 629 3186 ab
658 3141 696 3184 eo
724 3119 825 3184 amari
853 3117 935 3204 seio,
963 3120 991 3184 ei

39 3209 123 3274 vobis
147 3209 319 3296 videbitur,
342 3211 513 3276 subeamus
526 3211 589 3276 hoo
603 3229 730 3296 quoque
753 3207 895 3293 periculi,
918 3229 991 3274 eum

39 3299 238 3385 praesertim,
265 3300 293 3365 si
320 3299 398 3386 quid
423 3300 459 3364 in
486 3299 532 3364 eis
559 3317 673 3384 parum
696 3297 893 3382 probaverit,
919 3297 991 3380 ipsa
1070 3378 1073 3386 ,

106 3490 127 3561 ²)
146 3491 212 3548 Non
225 3507 291 3547 vero
311 3489 439 3547 absimile
454 3493 505 3560 est,
522 3475 738 3559 intelligendum
757 3504 815 3543 esse
831 3503 918 3556 genus
935 3485 989 3537 far·

39 3559 182 3634 ciminum,
201 3579 273 3634 quae
287 3562 413 3618 Muretus
431 3563 461 3616 in
476 3559 583 3617 doliolis
597 3560 729 3615 habuisse
743 3558 860 3614 videtur.
892 3553 988 3619 Krust
