2326 3942
168 194 210 257 22
502 190 682 247 EPISTOLA
700 190 787 246 XVII.

168 340 230 404 lius
254 336 429 419 Gavardus,
452 336 603 421 eleganti,
625 339 662 400 ut
683 337 789 400 visum
814 338 871 418 est,
894 336 1028 420 ingenio
1051 335 1117 399 ado·

169 424 683 506 11111111,11111111111111111
711 425 917 490 nunciarunt.
954 423 1044 500 Quae
1065 425 1120 488 fuit

168 515 225 580 illa
248 514 378 598 quidem
406 513 487 578 mihi
509 535 568 597 pro
592 535 630 578 eo
654 533 692 576 11
715 513 827 578 debuit
849 513 1050 598 gratissima3
1072 514 1120 576 sed

170 625 187 666 1
210 625 357 667 sermone
380 601 533 666 Martellii
556 623 628 666 earn
656 601 726 686 cepi
748 601 932 666 molestiam
959 623 1031 666 non
1052 624 1120 666 sane

169 691 371 775 mediocrem,
394 691 481 777 quod
503 712 542 754 ex
564 711 602 756 eo
626 690 665 754 de
688 689 858 774 molestiis,
881 689 1001 775 quibus
1024 691 1120 754 111111-

168 784 258 844 terea
281 780 484 846 conflictatus
508 801 555 862 es,
578 781 612 842 et
635 779 673 842 de
696 779 809 842 matris
837 783 913 843 tuae
935 779 1121 844 lectissimae

171 872 267 952 1111,
290 870 349 933 tali
371 869 446 952 filio,
469 867 677 953 dignissimae
700 867 842 932 mulieris
865 867 1057 932 infirmitate
1079 889 1121 931 co·

171 958 279 1042 gnovi.
324 957 438 1042 Itaque
471 957 655 1042 cogitabam
685 956 791 1040 primo
824 979 952 1042 quoquc
984 960 1121 1040 tempore

171 1046 213 1110 ad
234 1049 267 1110 te
291 1068 421 1111 exarare
445 1045 566 1130 aliquid
588 1045 783 1130 litterarum,
811 1068 874 1130 quo
898 1049 941 1110 ec
956 1065 1121 1130 purgarem

171 1157 236 1217 me,
264 1135 319 1219 qui
346 1138 414 1199 tam
442 1135 496 1198 diu
524 1135 606 1198 nihil
639 1134 851 1218 scripsissem,
878 1137 911 1198 11
941 1135 1122 1216 minuerem,

172 1226 330 1308 quantum
351 1223 385 1289 id
399 1222 528 1307 quidem
541 1224 576 1286 in
590 1245 642 1287 me
656 1226 750 1307 esset,
773 1223 1012 1308 aegritudinem
1034 1227 1122 1287 tuam.

173 1309 236 1376 Sed
262 1313 339 1377 dum
362 1313 447 1376 diem
474 1335 513 1376 ex
535 1309 586 1376 die
609 1312 704 1395 duco,
731 1313 925 1377 homocum
953 1313 1069 1376 ceteris
1095 1314 1121 1375 in

172 1401 268 1466 rebus
291 1423 360 1466 non
373 1401 546 1466 admodum
568 1400 755 1484 industrius,
777 1405 847 1464 tum
861 1400 902 1464 ad
926 1401 1121 1466 scribendum

173 1490 375 1575 pigerrimus,
399 1487 481 1576 (non
494 1489 589 1554 modo
613 1489 700 1554 enim
717 1511 814 1554 nosse
837 1511 895 1554 sua
908 1489 988 1554 vitia
1012 1491 1121 1554 bellum

174 1579 237 1660 est,
259 1601 370 1642 verum
394 1581 491 1642 etiam
513 1576 632 1664 fateri)
656 1581 707 1662 tn,
729 1581 793 1662 quo
816 1599 912 1644 nemo
935 1600 1074 1663 usquam
1094 1581 1121 1642 in

174 1666 263 1728 omni
286 1687 403 1750 genere
421 1667 594 1732 humanior
617 1670 674 1731 aut
688 1665 862 1731 officiosior
875 1670 933 1751 est,
956 1669 1122 1752 occupasti,

173 1753 279 1818 missis
304 1755 345 1818 ad
367 1777 418 1820 me
442 1755 640 1820 suavissimis
664 1759 696 1819 et
717 1755 915 1840 reliquarum
936 1759 1068 1821 tuarum
1089 1757 1121 1820 si-

174 1842 317 1908 millimis
340 1843 466 1908 litteris.
502 1842 554 1908 Ad
577 1865 658 1929 quas
681 1865 741 1928 ego
761 1843 841 1928 quia
864 1845 1038 1910 distractus
1060 1846 1121 1908 aliis

175 1931 259 1996 curis
289 1935 358 1998 tam
386 1933 527 2017 copiose,
555 1955 651 2018 quam
679 1933 806 2016 vellem,
837 1934 1032 2017 respondere
1064 1955 1122 1997 non

175 2043 321 2107 possum,
347 2023 484 2088 strictim
512 2022 626 2086 saltem
654 2021 782 2106 singula
810 2043 921 2086 eorum
949 2023 1058 2106 capita
1083 2029 1122 2086 at-

174 2110 310 2194 tingam.
354 2110 498 2176 Primum
525 2111 625 2196 igitur
652 2133 671 2174 a
693 2113 739 2193 11,
769 2113 926 2194 quantum
953 2132 1005 2175 me
1034 2133 1122 2191 amas,

174 2201 303 2262 tantum
326 2203 401 2282 peto
426 2203 521 2284 atque
544 2199 713 2281 contende,
736 2201 773 2262 ut
786 2199 896 2262 omnia
917 2199 1036 2283 potius,
1050 2222 1121 2286 quae

175 2290 338 2370 negantur
363 2287 442 2350 fieri·
456 2309 564 2372 posse,
591 2289 744 2352 eventura
767 2287 944 2370 existimes,
971 2311 1069 2373 quam
1093 2293 1122 2350 ut

178 2373 347 2459 quicquam
363 2375 401 2439 de
424 2398 495 2440 meo
514 2375 549 2440 in
566 2379 599 2440 te
623 2397 740 2459 amore,
763 2379 827 2459 aut,
849 2379 887 2439 ut
899 2376 1005 2441 verius
1019 2377 1122 2456 dicam,

177 2462 216 2526 de
239 2485 311 2526 mea
332 2463 398 2529 tuis
421 2465 593 2529 virtutibus
614 2468 647 2529 et
668 2464 906 2530 iucundissimis
929 2466 966 2529 in
988 2487 1040 2530 me
1063 2467 1122 2530 offi-

178 2551 234 2614 ciis
258 2551 367 2616 debita
390 2552 595 2618 observantia
608 2553 804 2618 detrahatur.
834 2552 988 2620 Gratulor
1010 2555 1070 2620 tibi
1091 2555 1122 2617 ds

177 2644 365 2724 recuperata
392 2643 504 2706 matris
526 2643 723 2724 valetudine,
751 2643 802 2706 cui
824 2642 923 2708 etiam
949 2643 1013 2727 ipsi
1035 2667 1054 2708 a
1079 2665 1122 2706 me

178 2730 314 2795 salutem
337 2729 438 2813 dicas,
461 2731 553 2816 eique
575 2752 646 2795 mco
676 2731 806 2796 nomine
830 2732 1001 2816 gratuleris
1024 2733 1122 2807 velirm

178 2821 256 2902 puto
285 2841 370 2897 eam,
398 2841 583 2904 quanquam
611 2820 710 2884 semel
740 2822 869 2884 tantum
896 2843 916 2884 a
943 2842 995 2885 mc
1023 2821 1122 2891 visam,

177 2907 272 2972 facile
303 2911 414 2972 tamen
444 2907 619 2972 redituram
646 2909 682 2972 in
708 2909 896 2974 memoriam
923 2911 996 2974 mei.
1041 2908 1121 2986 Quod

179 2997 220 3060 ad
242 3001 274 3061 11
298 2997 426 3081 scripsit
448 2996 590 3082 Laelius,
617 3018 771 3082 magnam
794 2998 936 3081 quotidie
963 3021 1032 3064 non
1057 2997 1121 3062 ado·

177 3084 355 3150 lescentum
377 3086 486 3171 mod0,
515 3086 570 3152 scd
594 3085 738 3162 omnium
766 3089 908 3152 aetatum
932 3090 1028 3172 atque
1050 3085 1121 3152 ordi·

177 3193 257 3234 num
279 3174 519 3240 multitudinem
537 3175 642 3240 adme
666 3175 860 3240 audiendum
874 3176 1042 3260 ventitare,
1055 3195 1121 3238 sane

177 3259 381 3325 verissimum
404 3267 465 3347 111,
488 3265 597 3348 idque,
623 3266 660 3327 ut
682 3285 794 3328 verum
820 3264 938 3346 fatear,
964 3264 1029 3348 ipsi
1054 3262 1121 3327 mihi

178 3349 354 3434 permirum
381 3350 482 3416 videri
510 3353 600 3416 solet.
645 3349 731 3416 Nam
759 3355 792 3416 et
814 3351 937 3416 Romae
965 3375 1070 3416 rarum
1092 3349 1118 3412 id

179 3442 237 3522 est,
260 3441 293 3504 11
315 3459 375 3524 ego
399 3439 434 3502 in
456 3461 507 3504 me
530 3440 613 3504 nihil
636 3440 750 3522 sentio,
764 3462 827 3525 quo
850 3443 944 3506 tanta
966 3441 1118 3508 homiuum

179 3527 286 3591 studia
308 3527 495 3592 excitentur.
532 3525 594 3591 sed
618 3529 746 3611 quando
770 3531 846 3592 sunt
869 3530 925 3614 qui
947 3531 1040 3594 aliter
1060 3549 1117 3592 sen-
