2328 3956
347 201 526 257 EPISTULA
544 202 590 257 hl.
907 203 952 268 65

16 346 180 430 disciplinae
212 367 305 412 meae
337 347 516 432 alumnum,
548 347 716 413 florentem
743 348 891 413 laudibus
918 351 952 412 et

17 435 135 518 quotidie
158 435 290 520 longius
303 437 563 521 progredientem
585 437 621 501 in
644 459 682 501 ea
704 436 765 520 via,
788 458 885 520 quam
899 458 951 500 me

16 523 60 584 tibi
79 522 153 586 olim
180 526 362 588 monstrare
388 525 533 590 memini:
561 525 622 589 etsi
648 528 685 589 tu
708 526 850 611 quidem,
872 527 910 590 ut
932 547 952 589 a

16 631 52 674 ne
71 609 254 696 discessisti,
276 613 386 696 multo,
409 635 506 698 quam
529 634 589 699 ego
613 635 694 700 sum,
715 615 862 678 meliores
885 635 951 678 ma

16 700 112 782 gistros
138 703 255 766 nactus
283 721 326 766 es.
375 699 438 766 Sed
465 703 542 788 quid
568 703 661 767 tum?
696 703 845 768 blandior
871 703 951 768 mihi

16 789 266 943 iggiwffl'qgss
287 789 415 944 quispe
444 791 522 855 olim
542 793 652 945 ntppoio
676 791 753 916 quid
775 791 951 942 dimi'qyig

17 969 135 1048 quantus
156 929 284 1032 futtulis
299 901 361 1052 iii?
361 901 569 1052 1{iilosduilrilsaslie
595 902 676 1032 sSeeds
691 877 728 1032 rii
749 901 830 1032 lidae
842 901 952 1031 ggipsla

14 1052 122 1136 faeiem,
144 1053 222 1119 soin’
244 1058 281 1119 tu
308 1077 359 1120 me
381 1079 486 1140 nuper
508 1078 528 1120 a
551 1055 706 1120 Pontifiee
728 1056 846 1120 iterum
869 1055 951 1120 anti·

16 1163 69 1225 quo,
87 1146 129 1206 ut
150 1143 196 1206 ait
217 1141 421 1232 Horatius²)‚
443 1145 603 1209 inclusum
625 1143 724 1209 ludo?
759 1142 842 1210 oum
865 1145 952 1208 enim

14 1225 374 1314 Caesar-ius‚mu1torum
408 1233 474 1298 iam
512 1232 746 1317 stipendiorum
780 1237 952 1298 veteranus

14 1319 183 1385 missionem
218 1320 436 1418 impetrasset,
477 1325 615 1430 egerunt
648 1343 775 1386 meeum
810 1323 952 1406 primum

13 1403 192 1492 (lardinales,
214 1407 329 1474 deinde
352 1409 450 1474 etiam
472 1405 573 1485 αυτὸς
591 1403 609 1474 ὁ
629 1403 807 1495 ἀρχιερεύς,
829 1413 867 1474 ut
880 1432 952 1475 eam

14 1497 196 1576 provinciam
228 1498 430 1582 susciperem.
483 1498 589 1563 Multa
626 1503 817 1583 argumenta
852 1499 952 1562 allata

14 1588 83 1668 runt,
116 1608 198 1670 quae
230 1607 283 1650 me
313 1590 493 1671 moverent,
525 1586 581 1652 sed
611 1609 713 1652 unum
744 1581 868 1651 ἄλυτον
896 1583 953 1650 καὶ

14 1665 162 1758 ἄφυκτον,
186 1675 272 1760 quod
294 1697 354 1759 pro
377 1676 523 1741 ducentis
537 1675 642 1740 aureis
660 1676 778 1740 annuis
802 1675 952 1761 quadrin-

13 1767 112 1844 gentos
125 1767 378 1848 proposuerunt:
392 1763 517 1830 homini
531 1767 640 1829 autem
654 1765 763 1850 egenti
777 1768 810 1829 et
820 1767 953 1849 propter

12 1849 219 1916 imminentem
247 1855 444 1916 senectutem
473 1853 582 1936 paullo
615 1852 656 1916 ad
685 1875 753 1918 rem
786 1851 953 1916 attentiori

14 1940 121 2004 nullum
151 1940 423 2029 medicamentum
459 1941 604 2006 adhiberi
640 1941 747 2026 potuit
783 1939 953 2004 efficacius.

12 2025 110 2113 ltaque
122 2029 235 2094 redibo
257 2029 324 2100 iam
347 2029 389 2094 ad
401 2033 524 2095 veteres
538 2031 612 2096 illos
626 2050 841 2116 congerrones
855 2049 954 2111 meos,

14 2113 197 2202 Ciceronem,
227 2116 414 2201 Horatium,
451 2122 574 2184 eeteros
603 2121 637 2182 et
666 2118 747 2182 mihi
778 2116 953 2202 quoddam·

11 2206 93 2270 modo
120 2227 345 2291 repuerascere
371 2206 513 2271 videbor.
558 2207 808 2271 Tumultuantur
834 2209 954 2288 tamen,

13 2295 114 2375 quiex
136 2317 188 2360 me
201 2294 382 2360 Pandeotas
405 2294 588 2378 audiebant,
611 2299 644 2358 et
661 2299 785 2380 negant
808 2317 841 2360 se
856 2315 953 2380 quen-

12 2403 96 2464 quam
125 2383 225 2448 alium
253 2382 337 2448 ferre
364 2405 474 2467 posse:
503 2384 648 2468 plerique
675 2385 787 2467 etiam,
816 2383 953 2446 nisime

12 2469 151 2556 habeant,
174 2471 449 2556 Iurisprudentiae
477 2494 511 2537 se
533 2473 670 2536 multam
693 2473 829 2536 salutem
852 2471 953 2536 dietu-

11 2577 58 2623 ros
77 2582 143 2626 esse
170 2560 373 2644 profitentur.
417 2560 485 2644 Ipsi
512 2561 659 2627 viderint.
704 2560 777 2646 Ego
805 2559 954 2625 ludibun-

13 2645 64 2712 dus
88 2649 340 2734 quadringentos
366 2649 440 2713 illos
468 2650 641 2733 quotannis
663 2649 699 2712 in
722 2671 842 2731 aream,
869 2647 955 2710 θεοῦ

13 2733 175 2819 θέλοντος,
207 2735 412 2820 concludam,
443 2738 481 2800 ut
508 2737 552 2801 sit
578 2736 751 2821 aliquando
778 2737 863 2799 unde
887 2733 954 2798 otio

12 2823 70 2887 frui
88 2827 216 2910 possim.
252 2823 390 2890 Beatum
411 2828 454 2908 te,
477 2825 532 2909 qui
555 2845 627 2888 eam
644 2825 773 2889 vivendi
794 2823 955 2888 rationem

12 2911 163 2994 ingressus
188 2936 236 2998 es,
257 2915 315 2978 ubi
337 2936 357 2976 a
378 2913 498 2977 talibus
526 2913 610 2977 euris
638 2914 765 2978 animus
791 2913 874 2977 liber
897 2915 954 2975 ert.

11 2997 81 3064 Noli
103 3005 213 3068 tamen
240 3005 354 3087 putare
378 3023 397 3065 a
423 3002 568 3085 meipso
597 3001 677 3066 haee
705 3003 753 3066 ita
779 2999 896 3082 curari,
919 3002 957 3063 ut

11 3109 115 3173 angar:
142 3087 303 3174 λαμβάνω
330 3083 372 3154 τὰ
399 3085 575 3173 διδόμενα,
603 3093 636 3154 et
663 3089 738 3174 quia
764 3111 865 3172 usque
891 3088 956 3154 huo

12 3179 107 3256 paullo
130 3179 349 3265 negligentior
370 3179 432 3256 fui,
460 3201 498 3244 ex
524 3178 582 3242 illa
603 3177 803 3264 negligentia
830 3177 877 3241 ita
899 3178 956 3242 ali-

10 3267 79 3346 quid
112 3268 262 3352 detraho,
301 3271 340 3332 ut
375 3267 457 3330 nihil
497 3266 665 3331 detraham
705 3288 744 3332 ex
783 3265 956 3331 hilaritate.

75 3407 93 3477 ¹)
111 3409 225 3463 Terent.
244 3405 365 3474 Adelph.
386 3407 434 3472 Ill,
454 3411 479 3473 3,
498 3411 540 3460 40.

178 3479 230 3548 Tu,
249 3479 370 3547 quantus
389 3478 519 3546 quantus,
538 3475 609 3529 nihil
627 3475 680 3531 nisi
698 3475 838 3546 sapientia
855 3489 893 3528 es.

74 3546 93 3616 ⁶)
110 3549 203 3620 Epist.
221 3551 242 3617 Ι,
262 3557 286 3616 1,
306 3554 330 3602 3.

24 3633 107 3678 limam
119 3639 170 3682 Sca.
185 3647 234 3681 1111,
246 3647 271 3680 11.
727 3637 743 3685 5
