2326 3942
360 203 539 260 EPISTOLA
555 205 655 261 XVIII.
942 203 985 268 23

45 351 126 428 lianl,
155 349 288 414 intendo
322 350 470 434 equidem
501 371 613 414 omnes
645 349 769 434 ingenii
800 371 917 416 nervos
944 350 985 416 ad

44 437 284 503 conservandam
298 459 379 522 eam,
402 438 536 522 quaeda
559 459 610 504 me
629 439 767 502 excitaba
781 441 839 523 est,
863 437 985 521 opinio·

44 549 119 610 ucm;
140 526 198 592 ead
220 525 375 591 durabrra
397 547 443 610 ca,
465 548 580 591 necne
604 527 761 610 ribuaria
785 525 822 590 ἐν
843 522 986 609 γούνασι

43 627 142 682 κεῖται.
186 614 236 681 Dc
257 614 342 680 libro
365 613 534 699 Victorini,
557 637 653 700 quem
675 637 727 680 me
749 615 819 698 libi,
841 618 878 678 ub
900 636 987 680 nunc

44 705 204 788 loquimur,
230 704 410 768 dicaturum
435 704 597 788 pollicitus
629 726 714 790 sum,
740 703 809 767 noli
831 704 987 768 dubilarc.

43 791 205 878 Nunquam
238 793 371 858 omnino
404 793 551 858 emiliam
579 815 653 857 eum
679 813 696 856 e
727 792 893 878 manibus,
923 792 988 856 nisi

42 881 137 946 addibo
159 883 326 946 luculento
340 882 448 967 aliquo
470 882 657 946 testimonio
672 881 832 946 amicitiae
848 883 988 946 noeirae.

43 969 157 1036 Interea
185 970 280 1036 millo
304 970 345 1034 ad
367 974 400 1035 te
427 972 608 1054 exemplum
635 971 868 1053 oratiunculae,
892 991 988 1054 quam

43 1058 84 1122 hic
112 1058 216 1124 habui
247 1059 350 1144 pridie
382 1059 450 1124 eius
483 1059 558 1143 dici,
595 1082 658 1144 quo
696 1059 767 1144 cepi
802 1057 988 1122 Aristotelis

45 1145 148 1214 lllbIca
170 1147 418 1236 interpretari.¹)
441 1147 564 1214 Vereor
583 1148 725 1232 omnino,
738 1150 775 1212 ul
789 1147 867 1212 ralis
881 1169 987 1212 emen-

43 1235 103 1300 daie
131 1236 331 1320 descriptum
358 1237 413 1301 sit:
440 1259 517 1302 nam
547 1237 632 1322 quod
661 1259 762 1302 unum
791 1258 863 1300 mea
890 1258 989 1300 manu

43 1325 189 1409 scriplum
210 1325 380 1409 habebam,
402 1326 435 1390 id
450 1324 644 1410 Callippidas
664 1326 728 1409 ille,
751 1325 868 1410 dequo
891 1325 989 1388 ctiam

42 1413 194 1496 prioribus
220 1414 337 1478 litteris
361 1415 481 1500 aliquid
509 1415 636 1499 scripsi,
663 1413 743 1478 duca
770 1413 835 1478 iam
862 1435 989 1478 menses

43 1502 115 1584 apud
145 1524 180 1568 ee
207 1502 334 1587 habuit,
361 1525 465 1588 neque
492 1503 596 1568 adhuc
628 1505 817 1588 extorquere
848 1523 990 1587 possum

45 1589 96 1654 Sed
116 1594 214 1656 banio
237 1613 310 1656 mea
332 1593 446 1658 melior
467 1593 578 1658 futura
591 1592 733 1658 conditio
757 1593 821 1656 est:
843 1595 880 1654 tu
894 1591 991 1675 enim,

44 1681 156 1765 siqua
184 1701 204 1744 a
230 1701 282 1745 me
308 1681 380 1765 ipso
407 1685 540 1766 peccatu
567 1684 674 1765 erunt,
702 1702 740 1744 ea
766 1680 827 1764 illi,
855 1680 911 1764 qui
938 1679 990 1744 de·

44 1769 176 1853 scripsit,
204 1768 375 1836 adscribes.
419 1769 467 1835 Mi
493 1767 624 1836 Sacrate
652 1769 772 1854 optime
802 1772 835 1832 et
865 1767 990 1833 amicie-

44 1857 122 1944 eime,
146 1857 245 1924 eliam
268 1861 365 1942 atque
379 1859 476 1924 eliam
498 1859 578 1923 vale.
601 1857 732 1924 Romae.
747 1875 839 1922 xvm.
854 1855 991 1922 Kalend.

45 1943 211 2012 Februarii
234 1963 380 2017 MDLXIV.

434 2089 592 2102 ——Q

452 2210 575 2277 XVIII.

226 2338 275 2412 M.
303 2338 546 2413 ANTONIUS
574 2337 797 2412 MURETUS

484 2475 506 2518 S.
519 2476 547 2516 D.

90 2565 210 2620 PETRO
230 2564 361 2620 IOANNI
378 2561 604 2618 PERPINIANO
624 2559 835 2618 SOOIETATIS
853 2559 943 2616 IESU.

105 2688 208 2776 Cupio
232 2689 379 2775 equidem
393 2694 427 2754 ei
448 2692 600 2754 meamet
620 2687 821 2752 tuamfidem
842 2686 993 2768 liberare3

49 2777 97 2841 sed
116 2779 198 2844 mihi
222 2778 326 2843 adhuc
347 2779 464 2862 multa,
486 2799 527 2842 ne
549 2777 584 2842 id
605 2777 712 2841 facere
734 2796 872 2860 possem,
895 2773 993 2838 obeli·

48 2868 154 2932 terunt„
200 2866 344 2932 Primum
368 2867 467 2954 quod,
495 2882 592 2950 'quem
613 2866 721 2931 locum
744 2863 892 2948 quodque
914 2867 994 2926 lem-

48 2975 102 3035 pus
126 2955 186 3020 otii
212 2959 246 3022 el
272 2955 388 3040 quietis
414 2955 639 3040 plenissimum
666 2953 820 3038 putabam
849 2950 932 3034 fore,
959 2951 995 3014 in

49 3062 83 3105 cc
107 3066 158 3108 me
186 3047 219 3108 et
244 3045 347 3108 mulla
374 3046 407 3108 eb
432 3043 621 3128 longissime
649 3063 669 3106 a
692 3039 804 3106 studiis
831 3038 911 3102 meis
939 3038 994 3102 ab·

48 3127 207 3197 herrenbia
228 3133 361 3217 negotia
374 3136 566 3218 occupatum
587 3135 685 3216 atquc
707 3128 916 3193 exercitatum
938 3126 995 3192 ha-

49 3216 187 3286 buerunt.
218 3219 314 3306 Nam,
336 3223 373 3286 ul
396 3224 502 3286 cetera
518 3225 652 3303 iaceam,
675 3217 726 3284 his
749 3217 860 3302 paucis
883 3215 995 3282 diebus

50 3303 95 3370 bis
114 3309 193 3376 mibi
205 3309 345 3374 Romam
358 3310 499 3374 eundum
519 3307 596 3392 fuit3
621 3306 707 3393 quod
728 3307 789 3371 etsi
810 3307 880 3371 leve
894 3304 996 3370 videri

52 3399 161 3482 poteri,
187 3402 299 3464 temen
321 3419 376 3463 eae
404 3398 484 3464 mihi
511 3397 725 3483 profectiones
754 3397 827 3461 ocio
857 3393 995 3476 amplius

119 3553 137 3620 ¹)
154 3554 215 3610 Vol.
235 3555 256 3610 l.
275 3573 314 3611 or.
328 3555 375 3611 IV.
