2368 3956
195 213 258 280 192
567 213 651 270 vlu.
670 211 773 270 LEcr.

192 359 281 426 locos
303 358 465 442 indicabo,
488 379 624 467 puerum
645 358 681 424 in
702 361 839 442 utroque
864 352 999 430 διάνοια
1024 359 1131 444 legitur,

193 469 267 514 cum
294 448 464 533 utrobique
491 470 591 512 ανοια
618 446 684 532 legi
710 447 840 518 debent:
868 447 966 532 idque
993 469 1029 512 eo
1049 448 1131 512 liben-

193 538 258 603 tius
280 536 410 620 fecium,
438 535 525 621 qued
545 537 580 602 in
606 539 742 620 utroque
765 539 799 600 et
825 535 1033 604 eruditissimi
1052 535 1131 601 intsr·

192 627 299 709 protos
330 625 416 710 lapsi
446 627 535 710 suut,
565 644 670 709 neque
700 624 734 690 id
765 623 821 693 isti
851 625 1133 710 animadverterunt,

193 714 262 798 qui,
285 713 378 798 qussi
399 713 463 797 ipsi
476 734 637 798 nusquam
650 712 827 797 offendunt,
852 714 999 782 exultent
1018 715 1052 777 in
1072 715 1134 778 slie-

193 824 265 869 rum
279 801 393 870 erretis
407 823 509 886 euque
521 801 649 870 mimico
664 801 820 869 cretionis
835 821 952 886 genere
965 805 1032 870 tem
1041 803 1135 885 cupide

194 895 439 976 persequuntur.
490 889 613 960 Eorum
639 890 728 974 prior
750 893 801 956 ost
828 889 914 973 apud
936 889 1137 973 Thucydiden

193 979 277 1046 libro
301 983 391 1046 sexto
400 976 426 1066 ¹)
455 979 490 1049 iu
517 979 676 1064 oratione,
703 1000 768 1062 que
790 977 975 1047 Alcibiades
1003 979 1137 1046 adversus

193 1065 322 1132 Niciam
357 1068 395 1131 de
431 1067 596 1132 mittendis
632 1067 668 1132 in
700 1064 843 1132 Siciliam
875 1067 976 1151 copiis
1014 1067 1138 1132 disserit.

194 1153 276 1220 Cum
289 1155 376 1218 enim
398 1156 486 1238 prior
500 1177 573 1219 eum
586 1155 748 1240 tetigisset
760 1154 888 1240 Nicias,
910 1157 996 1240 quod
1018 1156 1138 1220 maiores

195 1245 342 1327 sumptus
370 1264 468 1328 quem
494 1265 554 1327 pro
583 1245 776 1310 refaceret:
803 1244 979 1328 respondet
1002 1245 1139 1310 delicatus

195 1353 232 1395 ec
255 1334 463 1416 sumptuosus
486 1331 685 1416 adolescens,
713 1335 861 1417 sumptus
883 1332 958 1398 illos
985 1333 1027 1398 ad
1049 1336 1138 1398 osten·

193 1421 328 1488 tendum
353 1421 493 1491 externis
518 1420 704 1489 hominibus
731 1421 872 1488 civitatis
899 1421 1139 1506 magnitudinem

196 1530 233 1572 ac
255 1509 436 1593 potentiam
458 1510 631 1593 pertinere,
658 1530 763 1594 neque
785 1510 877 1574 illem
904 1510 1138 1594 imprudentiam

194 1597 341 1664 inutilem
369 1619 438 1664 esso
462 1595 523 1683 (ita
544 1599 630 1667 enim
654 1593 915 1682 εἰρωνευόμενος
940 1596 1059 1685 uocet),
1080 1620 1140 1662 eun

196 1685 267 1769 quis
300 1687 481 1770 sumptibus
514 1685 579 1754 suis
606 1709 674 1758 non
701 1687 764 1752 sibi
794 1687 899 1753 solum
924 1687 1068 1772 prodest,
1094 1686 1139 1750 sed

197 1774 295 1842 etiarn
309 1774 440 1842 civitati.
477 1775 587 1840 Verba
600 1776 668 1840 eius
690 1775 771 1842 haec
794 1779 887 1842 sunt:
910 1773 966 1842 uod
980 1769 1140 1859 οὐιᾶχρη·

196 1879 272 1939 στος
294 1858 347 1947 ἥδ’
374 1859 488 1947 ἄνοια,
512 1857 549 1940 ὃς
570 1857 614 1931 ἄν
635 1873 705 1940 τοῖς
727 1865 828 1942 ἰδίοις
844 1862 952 1946 τέλεσι
969 1860 1015 1948 μὴ
1035 1859 1140 1930 ἑαυτὸν

195 1948 319 2034 μόνον,
342 1947 425 2024 ἀλλὰ
448 1949 503 2020 καὶ
526 1949 701 2036 sipontino
715 1947 837 2038 ὠφελῇ,
881 1953 933 2018 lte
947 1954 1139 2038 cnimlegen-

196 2039 272 2106 dum
300 2063 385 2126 esse,
414 2063 483 2111 non
508 2045 546 2106 ut
575 2063 685 2112 omnes
712 2043 894 2128 pervulgati
920 2042 996 2108 libri
1025 2042 1140 2123 hubent

196 2125 345 2214 διάνοια,
367 2131 418 2196 vel
441 2131 480 2195 de
503 2129 632 2198 scholiis
650 2128 779 2196 Graecis
797 2131 936 2240 intelligi
958 2134 1095 2216 poterut,
1113 2131 1140 2194 in

196 2219 312 2301 quibus
334 2219 381 2286 its
402 2222 551 2290 notatum
574 2221 636 2284 est:
664 2215 874 2303 εἰρωνεύεται
897 2243 914 2285 o
935 2213 1140 2327 Ἀλκιβιάδης,

196 2305 303 2389 λέγων
318 2302 385 2389 ὅτι,
408 2309 439 2372 εἰ
455 2304 511 2375 καὶ
525 2300 667 2390 ἀνόητος
683 2310 851 2392 φαίνομαί
869 2324 969 2390 τισιν,
992 2303 1065 2374 ἀλλ’
1088 2331 1140 2372 ουν

196 2395 236 2479 τῇ
264 2392 358 2461 πόλει
386 2388 448 2465 οὐκ
475 2390 639 2478 ἄχρηᾱτός
665 2418 732 2480 μου
760 2393 850 2468 ἐστὶν
876 2391 897 2481 ἡ
925 2391 1044 2480 doctu,
1071 2391 1140 2460 tut

195 2481 251 2546 καὶ
279 2476 454 2566 ὠφέλιμος.
503 2483 656 2567 Idemque
683 2485 780 2568 plane
807 2485 990 2570 confirmet,
1013 2485 1141 2570 quodin

198 2571 309 2674 eudem
330 2571 483 2681 ‘oratione
500 2571 593 2678 'houd
615 2571 787 2682 iteumulto
808 2569 1075 2682 popt²)‘lcgitur:
1092 2569 1140 2675 ιιαὶ

196 2683 343 2826 itit?
361 2658 1140 2834 {ttlitttttlttttttttttttttt

196 2853 319 2903 πουσιν
333 2831 493 2922 ὡμίλησε,
506 2835 561 2902 cul
572 2831 656 2922 ὀργῇ
669 2840 781 2904 πίστιν
794 2837 1028 2924 παρασχομένη
1038 2839 1140 2905 ἔπεισε.

198 2925 290 2992 Alter
311 2927 400 2992 locus
424 2926 521 2992 estin
543 2925 666 3010 libello,
689 2926 744 3012 qui
758 2926 924 2994 Plutarchi
946 2929 1071 3012 quidem
1083 2947 1140 2992 non

197 3016 335 3100 videtur,
359 3016 415 3080 sed
437 3015 522 3080 inter
543 3015 647 3098 ipsius
660 3017 814 3098 opusculo
835 3019 944 3082 tamen
966 3017 1087 3102 legitur,
1108 3015 1139 3078 de

197 3105 306 3170 liberis
320 3094 538 3188 educendis³):
557 3103 614 3168 ubi
628 3104 768 3188 graviter
781 3126 914 3189 peccare
933 3105 1069 3172 ostendit
1085 3123 1139 3184 cos,

198 3193 254 3276 qui
275 3195 426 3276 parvulos
450 3193 578 3278 quidem
593 3191 712 3258 liberos
726 3193 786 3258 sub
801 3194 966 3280 magistris
980 3215 1017 3260 ec
1036 3192 1138 3277 paede-

197 3281 291 3368 gogis
313 3281 450 3368 hubent,
473 3282 528 3348 sed
551 3281 687 3366 puberes
710 3281 776 3349 ium
799 3283 908 3350 scotos.
926 3304 983 3350 suo
1005 3301 1088 3348 mors
1109 3299 1140 3344 ec

266 3414 396 3556 ur·
926 3415 930 3418 ·

266 3557 393 3618 ³lc.1t.
