<?xml version="1.0" encoding="UTF-8"?>
<!DOCTYPE html PUBLIC "-//W3C//DTD XHTML 1.0 Transitional//EN"
    "http://www.w3.org/TR/xhtml1/DTD/xhtml1-transitional.dtd">
<html xmlns="http://www.w3.org/1999/xhtml" xml:lang="en" lang="en">
 <head>
  <title>
</title>
<meta http-equiv="Content-Type" content="text/html;charset=utf-8" />
  <meta name='ocr-system' content='tesseract 3.04.00' />
  <meta name='ocr-capabilities' content='ocr_page ocr_carea ocr_par ocr_line ocrx_word'/>
</head>
<body>
  <div class='ocr_page' id='page_1' title='image "./mantoniimuretis00freygoog_0066.png"; bbox 0 0 2360 3944; ppageno 0'>
   <div class='ocr_carea' id='block_1_1' title="bbox 440 245 1007 315">
    <p class='ocr_par' dir='ltr' id='par_1_1' title="bbox 440 245 1007 315">
     <span class='ocr_line' id='line_1_1' title="bbox 440 245 1007 315; baseline 0.002 -13"><span class='ocrx_word' id='word_1_1' title='bbox 440 245 576 304; x_wconf 76' lang='lat' dir='ltr'><strong>ORATIO</strong></span> <span class='ocrx_word' id='word_1_2' title='bbox 595 247 628 303; x_wconf 85' lang='lat' dir='ltr'><strong>V.</strong></span> <span class='ocrx_word' id='word_1_3' title='bbox 964 251 1007 315; x_wconf 81' lang='lat'><strong>53</strong></span> 
     </span>
    </p>
   </div>
   <div class='ocr_carea' id='block_1_2' title="bbox 66 390 1007 491">
    <p class='ocr_par' dir='ltr' id='par_1_2' title="bbox 66 390 1007 491">
     <span class='ocr_line' id='line_1_2' title="bbox 66 390 1007 491; baseline 0.007 -37"><span class='ocrx_word' id='word_1_4' title='bbox 66 390 145 454; x_wconf 83' lang='lat' dir='ltr'><strong>fectis</strong></span> <span class='ocrx_word' id='word_1_5' title='bbox 155 390 309 491; x_wconf 82' lang='lat' dir='ltr'><strong>dogmata</strong></span> <span class='ocrx_word' id='word_1_6' title='bbox 319 413 379 456; x_wconf 89' lang='lat' dir='ltr'><strong>sua</strong></span> <span class='ocrx_word' id='word_1_7' title='bbox 388 395 538 476; x_wconf 82' lang='lat' dir='ltr'><strong>evertere,</strong></span> <span class='ocrx_word' id='word_1_8' title='bbox 553 413 657 476; x_wconf 90' lang='lat' dir='ltr'><strong>neque</strong></span> <span class='ocrx_word' id='word_1_9' title='bbox 671 393 781 478; x_wconf 81' lang='lat' dir='ltr'><strong>ignem</strong></span> <span class='ocrx_word' id='word_1_10' title='bbox 791 416 893 478; x_wconf 87' lang='lat' dir='ltr'><strong>aquae</strong></span> <span class='ocrx_word' id='word_1_11' title='bbox 903 395 1007 482; x_wconf 88' lang='lat' dir='ltr'><strong>magis</strong></span> 
     </span>
    </p>
   </div>
   <div class='ocr_carea' id='block_1_3' title="bbox 63 482 1020 2865">
    <p class='ocr_par' dir='ltr' id='par_1_3' title="bbox 63 482 1020 2865">
     <span class='ocr_line' id='line_1_3' title="bbox 66 482 1020 565; baseline 0.006 -23"><span class='ocrx_word' id='word_1_12' title='bbox 66 482 245 543; x_wconf 82' lang='lat' dir='ltr'><strong>eontrarium</strong></span> <span class='ocrx_word' id='word_1_13' title='bbox 278 501 349 544; x_wconf 87' lang='lat' dir='ltr'><strong>esse</strong></span> <span class='ocrx_word' id='word_1_14' title='bbox 378 503 475 564; x_wconf 93' lang='lat' dir='ltr'><strong>quam</strong></span> <span class='ocrx_word' id='word_1_15' title='bbox 506 503 617 546; x_wconf 90' lang='lat' dir='ltr'><strong>eorum</strong></span> <span class='ocrx_word' id='word_1_16' title='bbox 648 503 754 546; x_wconf 90' lang='lat' dir='ltr'><strong>mores</strong></span> <span class='ocrx_word' id='word_1_17' title='bbox 787 483 939 565; x_wconf 91' lang='lat' dir='ltr'><strong>orationi,</strong></span> <span class='ocrx_word' id='word_1_18' title='bbox 961 485 1020 550; x_wconf 73' lang='lat' dir='ltr'><strong>ita,</strong></span> 
     </span>
     <span class='ocr_line' id='line_1_4' title="bbox 65 567 1007 655; baseline 0.005 -24"><span class='ocrx_word' id='word_1_19' title='bbox 65 568 137 631; x_wconf 90' lang='lat' dir='ltr'><strong>enim</strong></span> <span class='ocrx_word' id='word_1_20' title='bbox 157 567 260 652; x_wconf 90' lang='lat' dir='ltr'><strong>loqui,</strong></span> <span class='ocrx_word' id='word_1_21' title='bbox 288 572 326 632; x_wconf 94' lang='lat' dir='ltr'><strong>ut</strong></span> <span class='ocrx_word' id='word_1_22' title='bbox 348 569 441 653; x_wconf 87' lang='lat' dir='ltr'><strong>vitio,</strong></span> <span class='ocrx_word' id='word_1_23' title='bbox 469 570 515 634; x_wconf 87' lang='lat' dir='ltr'><strong>ita</strong></span> <span class='ocrx_word' id='word_1_24' title='bbox 537 569 659 655; x_wconf 82' lang='lat' dir='ltr'><strong>vivere,</strong></span> <span class='ocrx_word' id='word_1_25' title='bbox 687 573 725 634; x_wconf 91' lang='lat' dir='ltr'><strong>ut</strong></span> <span class='ocrx_word' id='word_1_26' title='bbox 751 570 863 635; x_wconf 85' lang='lat' dir='ltr'><strong>virtuti</strong></span> <span class='ocrx_word' id='word_1_27' title='bbox 886 572 1007 636; x_wconf 91' lang='lat' dir='ltr'><strong>bellum</strong></span> 
     </span>
     <span class='ocr_line' id='line_1_5' title="bbox 64 656 1007 742; baseline 0.005 -23"><span class='ocrx_word' id='word_1_28' title='bbox 64 656 200 721; x_wconf 83' lang='lat' dir='ltr'><strong>indixisse</strong></span> <span class='ocrx_word' id='word_1_29' title='bbox 232 656 417 741; x_wconf 87' lang='lat' dir='ltr'><strong>videantur,</strong></span> <span class='ocrx_word' id='word_1_30' title='bbox 449 695 491 704; x_wconf 91' lang='lat'><strong>--</strong></span> <span class='ocrx_word' id='word_1_31' title='bbox 523 659 650 722; x_wconf 86' lang='lat' dir='ltr'><strong>utinam</strong></span> <span class='ocrx_word' id='word_1_32' title='bbox 680 659 746 722; x_wconf 86' lang='lat' dir='ltr'><strong>tale</strong></span> <span class='ocrx_word' id='word_1_33' title='bbox 777 663 874 742; x_wconf 87' lang='lat' dir='ltr'><strong>esset,</strong></span> <span class='ocrx_word' id='word_1_34' title='bbox 906 664 943 724; x_wconf 91' lang='lat' dir='ltr'><strong>ut</strong></span> <span class='ocrx_word' id='word_1_35' title='bbox 974 660 1007 724; x_wconf 90' lang='lat' dir='ltr'><strong>id</strong></span> 
     </span>
     <span class='ocr_line' id='line_1_6' title="bbox 64 745 1007 812; baseline 0.004 -4"><span class='ocrx_word' id='word_1_36' title='bbox 64 745 143 808; x_wconf 88' lang='lat' dir='ltr'><strong>nobis</strong></span> <span class='ocrx_word' id='word_1_37' title='bbox 170 745 305 809; x_wconf 90' lang='lat' dir='ltr'><strong>infitiari</strong></span> <span class='ocrx_word' id='word_1_38' title='bbox 332 746 455 810; x_wconf 84' lang='lat' dir='ltr'><strong>liceret!</strong></span> <span class='ocrx_word' id='word_1_39' title='bbox 491 745 553 811; x_wconf 81' lang='lat' dir='ltr'><strong>nst</strong></span> <span class='ocrx_word' id='word_1_40' title='bbox 581 747 668 810; x_wconf 87' lang='lat' dir='ltr'><strong>enim</strong></span> <span class='ocrx_word' id='word_1_41' title='bbox 690 747 931 812; x_wconf 87' lang='lat' dir='ltr'><strong>acerbissimum</strong></span> <span class='ocrx_word' id='word_1_42' title='bbox 953 770 1007 812; x_wconf 92' lang='lat' dir='ltr'><strong>ne·</strong></span> 
     </span>
     <span class='ocr_line' id='line_1_7' title="bbox 65 834 1007 920; baseline 0.004 -24"><span class='ocrx_word' id='word_1_43' title='bbox 65 853 128 916; x_wconf 87' lang='lat' dir='ltr'><strong>gare</strong></span> <span class='ocrx_word' id='word_1_44' title='bbox 159 855 227 897; x_wconf 89' lang='lat' dir='ltr'><strong>non</strong></span> <span class='ocrx_word' id='word_1_45' title='bbox 259 856 369 917; x_wconf 88' lang='lat' dir='ltr'><strong>posse,</strong></span> <span class='ocrx_word' id='word_1_46' title='bbox 405 834 491 918; x_wconf 93' lang='lat' dir='ltr'><strong>quod</strong></span> <span class='ocrx_word' id='word_1_47' title='bbox 523 835 566 900; x_wconf 88' lang='lat' dir='ltr'><strong>sit</strong></span> <span class='ocrx_word' id='word_1_48' title='bbox 596 836 819 920; x_wconf 90' lang='lat' dir='ltr'><strong>turpissimum</strong></span> <span class='ocrx_word' id='word_1_49' title='bbox 852 837 1007 901; x_wconf 85' lang='lat' dir='ltr'><strong>confiteri.</strong></span> 
     </span>
     <span class='ocr_line' id='line_1_8' title="bbox 65 920 1007 1008; baseline 0.002 -22"><span class='ocrx_word' id='word_1_50' title='bbox 65 920 115 986; x_wconf 82' lang='lat' dir='ltr'><strong>Sed</strong></span> <span class='ocrx_word' id='word_1_51' title='bbox 138 923 295 1005; x_wconf 62' lang='lat' dir='ltr'><strong>‚quoniam</strong></span> <span class='ocrx_word' id='word_1_52' title='bbox 321 923 376 1006; x_wconf 89' lang='lat' dir='ltr'><strong>iis,</strong></span> <span class='ocrx_word' id='word_1_53' title='bbox 404 945 485 1006; x_wconf 92' lang='lat' dir='ltr'><strong>quae</strong></span> <span class='ocrx_word' id='word_1_54' title='bbox 513 924 662 988; x_wconf 89' lang='lat' dir='ltr'><strong>omnibus</strong></span> <span class='ocrx_word' id='word_1_55' title='bbox 689 927 769 988; x_wconf 86' lang='lat' dir='ltr'><strong>nota</strong></span> <span class='ocrx_word' id='word_1_56' title='bbox 796 929 885 1008; x_wconf 90' lang='lat' dir='ltr'><strong>sunt,</strong></span> <span class='ocrx_word' id='word_1_57' title='bbox 912 925 1007 989; x_wconf 88' lang='lat' dir='ltr'><strong>fidem</strong></span> 
     </span>
     <span class='ocr_line' id='line_1_9' title="bbox 65 1011 1008 1098; baseline 0.003 -24"><span class='ocrx_word' id='word_1_58' title='bbox 65 1011 206 1096; x_wconf 86' lang='lat' dir='ltr'><strong>abrogare</strong></span> <span class='ocrx_word' id='word_1_59' title='bbox 233 1011 316 1076; x_wconf 86' lang='lat' dir='ltr'><strong>velle</strong></span> <span class='ocrx_word' id='word_1_60' title='bbox 345 1011 523 1076; x_wconf 88' lang='lat' dir='ltr'><strong>dementiae</strong></span> <span class='ocrx_word' id='word_1_61' title='bbox 552 1016 613 1096; x_wconf 87' lang='lat' dir='ltr'><strong>est,</strong></span> <span class='ocrx_word' id='word_1_62' title='bbox 645 1033 712 1077; x_wconf 92' lang='lat' dir='ltr'><strong>non</strong></span> <span class='ocrx_word' id='word_1_63' title='bbox 739 1014 929 1098; x_wconf 82' lang='lat' dir='ltr'><strong>negabimus</strong></span> <span class='ocrx_word' id='word_1_64' title='bbox 956 1035 1008 1078; x_wconf 88' lang='lat' dir='ltr'><strong>ve·</strong></span> 
     </span>
     <span class='ocr_line' id='line_1_10' title="bbox 65 1099 1008 1186; baseline 0.003 -23"><span class='ocrx_word' id='word_1_65' title='bbox 65 1121 123 1162; x_wconf 88' lang='lat' dir='ltr'><strong>rum</strong></span> <span class='ocrx_word' id='word_1_66' title='bbox 144 1121 212 1164; x_wconf 90' lang='lat' dir='ltr'><strong>esse</strong></span> <span class='ocrx_word' id='word_1_67' title='bbox 237 1101 324 1183; x_wconf 90' lang='lat' dir='ltr'><strong>quod</strong></span> <span class='ocrx_word' id='word_1_68' title='bbox 348 1099 510 1184; x_wconf 85' lang='lat' dir='ltr'><strong>obiicitur;</strong></span> <span class='ocrx_word' id='word_1_69' title='bbox 536 1104 665 1165; x_wconf 87' lang='lat' dir='ltr'><strong>tantum</strong></span> <span class='ocrx_word' id='word_1_70' title='bbox 688 1102 942 1186; x_wconf 82' lang='lat' dir='ltr'><strong>deprecabimur,</strong></span> <span class='ocrx_word' id='word_1_71' title='bbox 967 1123 1008 1166; x_wconf 89' lang='lat' dir='ltr'><strong>ne</strong></span> 
     </span>
     <span class='ocr_line' id='line_1_11' title="bbox 64 1189 1008 1274; baseline 0.004 -24"><span class='ocrx_word' id='word_1_72' title='bbox 64 1191 181 1272; x_wconf 89' lang='lat' dir='ltr'><strong>propter</strong></span> <span class='ocrx_word' id='word_1_73' title='bbox 203 1189 375 1252; x_wconf 92' lang='lat' dir='ltr'><strong>hominum</strong></span> <span class='ocrx_word' id='word_1_74' title='bbox 393 1189 472 1254; x_wconf 86' lang='lat' dir='ltr'><strong>vitia</strong></span> <span class='ocrx_word' id='word_1_75' title='bbox 490 1211 540 1253; x_wconf 88' lang='lat' dir='ltr'><strong>res</strong></span> <span class='ocrx_word' id='word_1_76' title='bbox 561 1191 632 1274; x_wconf 89' lang='lat' dir='ltr'><strong>ipsa</strong></span> <span class='ocrx_word' id='word_1_77' title='bbox 645 1191 680 1252; x_wconf 93' lang='lat' dir='ltr'><strong>in</strong></span> <span class='ocrx_word' id='word_1_78' title='bbox 698 1191 853 1255; x_wconf 86' lang='lat' dir='ltr'><strong>invidiam</strong></span> <span class='ocrx_word' id='word_1_79' title='bbox 867 1195 1008 1274; x_wconf 85' lang='lat' dir='ltr'><strong>vocetur,</strong></span> 
     </span>
     <span class='ocr_line' id='line_1_12' title="bbox 64 1277 1009 1362; baseline 0.005 -24"><span class='ocrx_word' id='word_1_80' title='bbox 64 1297 144 1358; x_wconf 82' lang='lat' dir='ltr'><strong>neve,</strong></span> <span class='ocrx_word' id='word_1_81' title='bbox 175 1299 315 1360; x_wconf 87' lang='lat' dir='ltr'><strong>quorum</strong></span> <span class='ocrx_word' id='word_1_82' title='bbox 346 1277 434 1342; x_wconf 87' lang='lat' dir='ltr'><strong>facta</strong></span> <span class='ocrx_word' id='word_1_83' title='bbox 461 1278 576 1342; x_wconf 90' lang='lat' dir='ltr'><strong>merito</strong></span> <span class='ocrx_word' id='word_1_84' title='bbox 605 1299 802 1362; x_wconf 86' lang='lat' dir='ltr'><strong>aversamur,</strong></span> <span class='ocrx_word' id='word_1_85' title='bbox 834 1280 1009 1344; x_wconf 89' lang='lat' dir='ltr'><strong>eorundem</strong></span> 
     </span>
     <span class='ocr_line' id='line_1_13' title="bbox 64 1366 1008 1450; baseline 0.004 -23"><span class='ocrx_word' id='word_1_86' title='bbox 64 1386 232 1429; x_wconf 87' lang='lat' dir='ltr'><strong>sermonem</strong></span> <span class='ocrx_word' id='word_1_87' title='bbox 254 1366 416 1430; x_wconf 90' lang='lat' dir='ltr'><strong>immerito</strong></span> <span class='ocrx_word' id='word_1_88' title='bbox 439 1366 653 1450; x_wconf 87' lang='lat' dir='ltr'><strong>repudiemus.</strong></span> <span class='ocrx_word' id='word_1_89' title='bbox 689 1366 736 1432; x_wconf 90' lang='lat' dir='ltr'><strong>Ut</strong></span> <span class='ocrx_word' id='word_1_90' title='bbox 759 1368 845 1431; x_wconf 89' lang='lat' dir='ltr'><strong>enim</strong></span> <span class='ocrx_word' id='word_1_91' title='bbox 869 1390 1008 1450; x_wconf 91' lang='lat' dir='ltr'><strong>quorun·</strong></span> 
     </span>
     <span class='ocr_line' id='line_1_14' title="bbox 64 1453 1008 1540; baseline 0.002 -24"><span class='ocrx_word' id='word_1_92' title='bbox 64 1453 126 1516; x_wconf 88' lang='lat' dir='ltr'><strong>dam</strong></span> <span class='ocrx_word' id='word_1_93' title='bbox 147 1475 186 1517; x_wconf 87' lang='lat' dir='ltr'><strong>ex</strong></span> <span class='ocrx_word' id='word_1_94' title='bbox 208 1453 378 1538; x_wconf 82' lang='lat' dir='ltr'><strong>Epicureis</strong></span> <span class='ocrx_word' id='word_1_95' title='bbox 401 1454 520 1540; x_wconf 87' lang='lat' dir='ltr'><strong>dogma</strong></span> <span class='ocrx_word' id='word_1_96' title='bbox 533 1455 791 1538; x_wconf 80' lang='lat' dir='ltr'><strong>reprehenditur,</strong></span> <span class='ocrx_word' id='word_1_97' title='bbox 813 1456 881 1518; x_wconf 85' lang='lat' dir='ltr'><strong>vita</strong></span> <span class='ocrx_word' id='word_1_98' title='bbox 899 1455 1008 1519; x_wconf 86' lang='lat' dir='ltr'><strong>lauda-</strong></span> 
     </span>
     <span class='ocr_line' id='line_1_15' title="bbox 63 1543 1009 1627; baseline 0.004 -24"><span class='ocrx_word' id='word_1_99' title='bbox 63 1547 119 1624; x_wconf 87' lang='lat' dir='ltr'><strong>tur,</strong></span> <span class='ocrx_word' id='word_1_100' title='bbox 140 1543 184 1607; x_wconf 88' lang='lat' dir='ltr'><strong>sic</strong></span> <span class='ocrx_word' id='word_1_101' title='bbox 206 1543 326 1606; x_wconf 91' lang='lat' dir='ltr'><strong>horum</strong></span> <span class='ocrx_word' id='word_1_102' title='bbox 348 1543 448 1608; x_wconf 82' lang='lat' dir='ltr'><strong>vitam</strong></span> <span class='ocrx_word' id='word_1_103' title='bbox 471 1543 718 1627; x_wconf 83' lang='lat' dir='ltr'><strong>reprehendere,</strong></span> <span class='ocrx_word' id='word_1_104' title='bbox 741 1543 921 1608; x_wconf 90' lang='lat' dir='ltr'><strong>doctrinam</strong></span> <span class='ocrx_word' id='word_1_105' title='bbox 944 1565 1009 1607; x_wconf 94' lang='lat' dir='ltr'><strong>am-</strong></span> 
     </span>
     <span class='ocr_line' id='line_1_16' title="bbox 63 1631 1010 1716; baseline 0.002 -22"><span class='ocrx_word' id='word_1_106' title='bbox 63 1631 173 1712; x_wconf 87' lang='lat' dir='ltr'><strong>plexari</strong></span> <span class='ocrx_word' id='word_1_107' title='bbox 205 1631 367 1697; x_wconf 89' lang='lat' dir='ltr'><strong>debemus.</strong></span> <span class='ocrx_word' id='word_1_108' title='bbox 412 1631 613 1715; x_wconf 82' lang='lat' dir='ltr'><strong>Polycletum</strong></span> <span class='ocrx_word' id='word_1_109' title='bbox 640 1631 802 1716; x_wconf 84' lang='lat' dir='ltr'><strong>insignem</strong></span> <span class='ocrx_word' id='word_1_110' title='bbox 830 1635 1010 1698; x_wconf 88' lang='lat' dir='ltr'><strong>statuarum</strong></span> 
     </span>
     <span class='ocr_line' id='line_1_17' title="bbox 65 1719 1010 1805; baseline 0.003 -24"><span class='ocrx_word' id='word_1_111' title='bbox 65 1719 199 1802; x_wconf 89' lang='lat' dir='ltr'><strong>opificem</strong></span> <span class='ocrx_word' id='word_1_112' title='bbox 226 1719 362 1784; x_wconf 90' lang='lat' dir='ltr'><strong>tradunt</strong></span> <span class='ocrx_word' id='word_1_113' title='bbox 392 1719 512 1784; x_wconf 79' lang='lat' dir='ltr'><strong>librum</strong></span> <span class='ocrx_word' id='word_1_114' title='bbox 543 1720 582 1784; x_wconf 92' lang='lat' dir='ltr'><strong>de</strong></span> <span class='ocrx_word' id='word_1_115' title='bbox 615 1719 749 1785; x_wconf 86' lang='lat' dir='ltr'><strong>artificio</strong></span> <span class='ocrx_word' id='word_1_116' title='bbox 779 1741 836 1786; x_wconf 87' lang='lat' dir='ltr'><strong>suo</strong></span> <span class='ocrx_word' id='word_1_117' title='bbox 865 1719 1010 1805; x_wconf 86' lang='lat' dir='ltr'><strong>edidisse,</strong></span> 
     </span>
     <span class='ocr_line' id='line_1_18' title="bbox 66 1805 1009 1894; baseline 0.003 -24"><span class='ocrx_word' id='word_1_118' title='bbox 66 1829 148 1890; x_wconf 87' lang='lat' dir='ltr'><strong>quem</strong></span> <span class='ocrx_word' id='word_1_119' title='bbox 165 1805 314 1891; x_wconf 80' lang='lat' dir='ltr'><strong>Canona,</strong></span> <span class='ocrx_word' id='word_1_120' title='bbox 336 1807 369 1871; x_wconf 94' lang='lat' dir='ltr'><strong>id</strong></span> <span class='ocrx_word' id='word_1_121' title='bbox 388 1812 450 1892; x_wconf 87' lang='lat' dir='ltr'><strong>est,</strong></span> <span class='ocrx_word' id='word_1_122' title='bbox 467 1809 627 1894; x_wconf 85' lang='lat' dir='ltr'><strong>Regulam</strong></span> <span class='ocrx_word' id='word_1_123' title='bbox 645 1809 821 1893; x_wconf 87' lang='lat' dir='ltr'><strong>inscripsit,</strong></span> <span class='ocrx_word' id='word_1_124' title='bbox 845 1831 908 1892; x_wconf 91' lang='lat' dir='ltr'><strong>quo</strong></span> <span class='ocrx_word' id='word_1_125' title='bbox 927 1810 1009 1874; x_wconf 91' lang='lat' dir='ltr'><strong>libro</strong></span> 
     </span>
     <span class='ocr_line' id='line_1_19' title="bbox 66 1897 1011 1981; baseline 0.001 -22"><span class='ocrx_word' id='word_1_126' title='bbox 66 1897 174 1980; x_wconf 86' lang='lat' dir='ltr'><strong>omnia,</strong></span> <span class='ocrx_word' id='word_1_127' title='bbox 198 1918 281 1980; x_wconf 93' lang='lat' dir='ltr'><strong>quae</strong></span> <span class='ocrx_word' id='word_1_128' title='bbox 304 1897 340 1960; x_wconf 90' lang='lat' dir='ltr'><strong>in</strong></span> <span class='ocrx_word' id='word_1_129' title='bbox 362 1900 471 1960; x_wconf 86' lang='lat' dir='ltr'><strong>statua</strong></span> <span class='ocrx_word' id='word_1_130' title='bbox 497 1897 638 1962; x_wconf 86' lang='lat' dir='ltr'><strong>hominis</strong></span> <span class='ocrx_word' id='word_1_131' title='bbox 666 1897 819 1981; x_wconf 87' lang='lat' dir='ltr'><strong>fingenda</strong></span> <span class='ocrx_word' id='word_1_132' title='bbox 847 1897 1011 1961; x_wconf 86' lang='lat' dir='ltr'><strong>observari</strong></span> 
     </span>
     <span class='ocr_line' id='line_1_20' title="bbox 66 1985 1011 2070; baseline 0.001 -23"><span class='ocrx_word' id='word_1_133' title='bbox 66 1985 254 2068; x_wconf 83' lang='lat' dir='ltr'><strong>conveniret,</strong></span> <span class='ocrx_word' id='word_1_134' title='bbox 287 2006 368 2069; x_wconf 89' lang='lat' dir='ltr'><strong>quae</strong></span> <span class='ocrx_word' id='word_1_135' title='bbox 401 1985 602 2070; x_wconf 86' lang='lat' dir='ltr'><strong>singularum</strong></span> <span class='ocrx_word' id='word_1_136' title='bbox 633 1986 774 2068; x_wconf 86' lang='lat' dir='ltr'><strong>partium</strong></span> <span class='ocrx_word' id='word_1_137' title='bbox 806 1985 1011 2048; x_wconf 87' lang='lat' dir='ltr'><strong>minimarum</strong></span> 
     </span>
     <span class='ocr_line' id='line_1_21' title="bbox 68 2073 1010 2158; baseline 0.003 -24"><span class='ocrx_word' id='word_1_138' title='bbox 68 2074 266 2138; x_wconf 83' lang='lat' dir='ltr'><strong>maximarum</strong></span> <span class='ocrx_word' id='word_1_139' title='bbox 293 2074 398 2158; x_wconf 86' lang='lat' dir='ltr'><strong>figura</strong></span> <span class='ocrx_word' id='word_1_140' title='bbox 426 2077 527 2157; x_wconf 88' lang='lat' dir='ltr'><strong>esset,</strong></span> <span class='ocrx_word' id='word_1_141' title='bbox 550 2073 605 2157; x_wconf 86' lang='lat' dir='ltr'><strong>qui</strong></span> <span class='ocrx_word' id='word_1_142' title='bbox 633 2073 727 2156; x_wconf 88' lang='lat' dir='ltr'><strong>situs,</strong></span> <span class='ocrx_word' id='word_1_143' title='bbox 755 2095 836 2156; x_wconf 87' lang='lat' dir='ltr'><strong>quae</strong></span> <span class='ocrx_word' id='word_1_144' title='bbox 863 2073 949 2136; x_wconf 90' lang='lat' dir='ltr'><strong>inter</strong></span> <span class='ocrx_word' id='word_1_145' title='bbox 977 2094 1010 2137; x_wconf 89' lang='lat' dir='ltr'><strong>se</strong></span> 
     </span>
     <span class='ocr_line' id='line_1_22' title="bbox 65 2161 1011 2246; baseline 0.001 -23"><span class='ocrx_word' id='word_1_146' title='bbox 65 2162 235 2245; x_wconf 91' lang='lat' dir='ltr'><strong>proporti0,</strong></span> <span class='ocrx_word' id='word_1_147' title='bbox 263 2161 470 2240; x_wconf 75' lang='lat' dir='ltr'><strong>subtilissime</strong></span> <span class='ocrx_word' id='word_1_148' title='bbox 499 2165 532 2225; x_wconf 91' lang='lat' dir='ltr'><strong>et</strong></span> <span class='ocrx_word' id='word_1_149' title='bbox 559 2161 797 2226; x_wconf 78' lang='lat' dir='ltr'><strong>accuratissime</strong></span> <span class='ocrx_word' id='word_1_150' title='bbox 824 2164 1011 2246; x_wconf 88' lang='lat' dir='ltr'><strong>persecutus</strong></span> 
     </span>
     <span class='ocr_line' id='line_1_23' title="bbox 65 2249 1013 2333; baseline 0.002 -21"><span class='ocrx_word' id='word_1_151' title='bbox 65 2253 113 2313; x_wconf 87' lang='lat' dir='ltr'><strong>est.</strong></span> <span class='ocrx_word' id='word_1_152' title='bbox 152 2249 277 2315; x_wconf 82' lang='lat' dir='ltr'><strong>Eodem</strong></span> <span class='ocrx_word' id='word_1_153' title='bbox 305 2251 413 2314; x_wconf 88' lang='lat' dir='ltr'><strong>autem</strong></span> <span class='ocrx_word' id='word_1_154' title='bbox 439 2254 584 2333; x_wconf 86' lang='lat' dir='ltr'><strong>tempore</strong></span> <span class='ocrx_word' id='word_1_155' title='bbox 612 2253 755 2314; x_wconf 87' lang='lat' dir='ltr'><strong>statuam</strong></span> <span class='ocrx_word' id='word_1_156' title='bbox 781 2272 800 2314; x_wconf 88' lang='lat' dir='ltr'><strong>a</strong></span> <span class='ocrx_word' id='word_1_157' title='bbox 828 2271 862 2314; x_wconf 88' lang='lat' dir='ltr'><strong>se</strong></span> <span class='ocrx_word' id='word_1_158' title='bbox 891 2249 1013 2314; x_wconf 83' lang='lat' dir='ltr'><strong>factam</strong></span> 
     </span>
     <span class='ocr_line' id='line_1_24' title="bbox 64 2338 1012 2424; baseline 0.002 -24"><span class='ocrx_word' id='word_1_159' title='bbox 64 2338 180 2419; x_wconf 87' lang='lat' dir='ltr'><strong>publice</strong></span> <span class='ocrx_word' id='word_1_160' title='bbox 208 2339 393 2424; x_wconf 87' lang='lat' dir='ltr'><strong>proposuit,</strong></span> <span class='ocrx_word' id='word_1_161' title='bbox 419 2339 454 2402; x_wconf 93' lang='lat' dir='ltr'><strong>in</strong></span> <span class='ocrx_word' id='word_1_162' title='bbox 483 2360 547 2421; x_wconf 93' lang='lat' dir='ltr'><strong>qua</strong></span> <span class='ocrx_word' id='word_1_163' title='bbox 569 2359 607 2402; x_wconf 92' lang='lat' dir='ltr'><strong>ea</strong></span> <span class='ocrx_word' id='word_1_164' title='bbox 635 2339 745 2403; x_wconf 90' lang='lat' dir='ltr'><strong>omnia</strong></span> <span class='ocrx_word' id='word_1_165' title='bbox 768 2338 1012 2424; x_wconf 83' lang='lat' dir='ltr'><strong>diligentissime</strong></span> 
     </span>
     <span class='ocr_line' id='line_1_25' title="bbox 65 2426 1013 2511; baseline 0.001 -23"><span class='ocrx_word' id='word_1_166' title='bbox 65 2426 226 2492; x_wconf 79' lang='lat' dir='ltr'><strong>observata</strong></span> <span class='ocrx_word' id='word_1_167' title='bbox 249 2430 356 2511; x_wconf 87' lang='lat' dir='ltr'><strong>erant,</strong></span> <span class='ocrx_word' id='word_1_168' title='bbox 378 2449 419 2490; x_wconf 91' lang='lat' dir='ltr'><strong>ne</strong></span> <span class='ocrx_word' id='word_1_169' title='bbox 443 2427 520 2511; x_wconf 91' lang='lat' dir='ltr'><strong>quid</strong></span> <span class='ocrx_word' id='word_1_170' title='bbox 542 2426 725 2511; x_wconf 85' lang='lat' dir='ltr'><strong>praecipere</strong></span> <span class='ocrx_word' id='word_1_171' title='bbox 749 2426 819 2490; x_wconf 86' lang='lat' dir='ltr'><strong>aliis</strong></span> <span class='ocrx_word' id='word_1_172' title='bbox 842 2427 1013 2510; x_wconf 88' lang='lat' dir='ltr'><strong>videretur,</strong></span> 
     </span>
     <span class='ocr_line' id='line_1_26' title="bbox 65 2515 1013 2600; baseline -0.001 -22"><span class='ocrx_word' id='word_1_173' title='bbox 65 2515 143 2596; x_wconf 85' lang='lat' dir='ltr'><strong>quod</strong></span> <span class='ocrx_word' id='word_1_174' title='bbox 172 2535 241 2580; x_wconf 91' lang='lat' dir='ltr'><strong>non</strong></span> <span class='ocrx_word' id='word_1_175' title='bbox 271 2516 341 2600; x_wconf 88' lang='lat' dir='ltr'><strong>ipse</strong></span> <span class='ocrx_word' id='word_1_176' title='bbox 372 2517 566 2600; x_wconf 86' lang='lat' dir='ltr'><strong>praestaret,</strong></span> <span class='ocrx_word' id='word_1_177' title='bbox 602 2537 699 2598; x_wconf 89' lang='lat' dir='ltr'><strong>quam</strong></span> <span class='ocrx_word' id='word_1_178' title='bbox 736 2518 877 2580; x_wconf 86' lang='lat' dir='ltr'><strong>statuam</strong></span> <span class='ocrx_word' id='word_1_179' title='bbox 908 2515 1013 2597; x_wconf 88' lang='lat' dir='ltr'><strong>ipsam</strong></span> 
     </span>
     <span class='ocr_line' id='line_1_27' title="bbox 64 2601 1013 2688; baseline -0.002 -21"><span class='ocrx_word' id='word_1_180' title='bbox 64 2624 182 2688; x_wconf 89' lang='lat' dir='ltr'><strong>quoque</strong></span> <span class='ocrx_word' id='word_1_181' title='bbox 197 2601 333 2670; x_wconf 81' lang='lat' dir='ltr'><strong>Canona</strong></span> <span class='ocrx_word' id='word_1_182' title='bbox 350 2603 539 2670; x_wconf 83' lang='lat' dir='ltr'><strong>nominavit.</strong></span> <span class='ocrx_word' id='word_1_183' title='bbox 566 2602 693 2668; x_wconf 89' lang='lat' dir='ltr'><strong>Vellem</strong></span> <span class='ocrx_word' id='word_1_184' title='bbox 706 2603 841 2668; x_wconf 88' lang='lat' dir='ltr'><strong>eandem</strong></span> <span class='ocrx_word' id='word_1_185' title='bbox 854 2602 1013 2668; x_wconf 87' lang='lat' dir='ltr'><strong>rationem</strong></span> 
     </span>
     <span class='ocr_line' id='line_1_28' title="bbox 63 2691 1013 2776; baseline -0.002 -20"><span class='ocrx_word' id='word_1_186' title='bbox 63 2692 241 2776; x_wconf 89' lang='lat' dir='ltr'><strong>philosophi</strong></span> <span class='ocrx_word' id='word_1_187' title='bbox 277 2695 474 2776; x_wconf 85' lang='lat' dir='ltr'><strong>teneremus,</strong></span> <span class='ocrx_word' id='word_1_188' title='bbox 509 2713 613 2775; x_wconf 88' lang='lat' dir='ltr'><strong>neque</strong></span> <span class='ocrx_word' id='word_1_189' title='bbox 649 2695 779 2756; x_wconf 86' lang='lat' dir='ltr'><strong>tantum</strong></span> <span class='ocrx_word' id='word_1_190' title='bbox 813 2691 1013 2755; x_wconf 87' lang='lat' dir='ltr'><strong>traderemus</strong></span> 
     </span>
     <span class='ocr_line' id='line_1_29' title="bbox 63 2779 1014 2865; baseline 0 -23"><span class='ocrx_word' id='word_1_191' title='bbox 63 2781 127 2844; x_wconf 88' lang='lat' dir='ltr'><strong>aliis</strong></span> <span class='ocrx_word' id='word_1_192' title='bbox 160 2785 346 2865; x_wconf 82' lang='lat' dir='ltr'><strong>praecepta,</strong></span> <span class='ocrx_word' id='word_1_193' title='bbox 381 2782 423 2845; x_wconf 91' lang='lat' dir='ltr'><strong>ad</strong></span> <span class='ocrx_word' id='word_1_194' title='bbox 455 2802 536 2865; x_wconf 90' lang='lat' dir='ltr'><strong>quae</strong></span> <span class='ocrx_word' id='word_1_195' title='bbox 568 2781 669 2845; x_wconf 84' lang='lat' dir='ltr'><strong>vitam</strong></span> <span class='ocrx_word' id='word_1_196' title='bbox 702 2801 793 2845; x_wconf 89' lang='lat' dir='ltr'><strong>suam</strong></span> <span class='ocrx_word' id='word_1_197' title='bbox 829 2779 1014 2864; x_wconf 90' lang='lat' dir='ltr'><strong>dirigerent,</strong></span> 
     </span>
    </p>
   </div>
   <div class='ocr_carea' id='block_1_4' title="bbox 5 2868 1014 2948">
    <p class='ocr_par' dir='ltr' id='par_1_4' title="bbox 5 2868 1014 2948">
     <span class='ocr_line' id='line_1_30' title="bbox 5 2868 1014 2948; baseline -0.001 -17"><span class='ocrx_word' id='word_1_198' title='bbox 5 2927 7 2948; x_wconf 65' lang='lat'><strong>,</strong></span> <span class='ocrx_word' id='word_1_199' title='bbox 63 2890 167 2933; x_wconf 83' lang='lat' dir='ltr'><strong>verum</strong></span> <span class='ocrx_word' id='word_1_200' title='bbox 198 2870 297 2934; x_wconf 87' lang='lat' dir='ltr'><strong>etiam</strong></span> <span class='ocrx_word' id='word_1_201' title='bbox 328 2869 429 2934; x_wconf 86' lang='lat' dir='ltr'><strong>vitam</strong></span> <span class='ocrx_word' id='word_1_202' title='bbox 459 2872 606 2934; x_wconf 87' lang='lat' dir='ltr'><strong>nostram</strong></span> <span class='ocrx_word' id='word_1_203' title='bbox 638 2869 678 2933; x_wconf 92' lang='lat' dir='ltr'><strong>ad</strong></span> <span class='ocrx_word' id='word_1_204' title='bbox 710 2891 748 2934; x_wconf 90' lang='lat' dir='ltr'><strong>ea</strong></span> <span class='ocrx_word' id='word_1_205' title='bbox 779 2868 1014 2933; x_wconf 88' lang='lat' dir='ltr'><strong>conformatam</strong></span> 
     </span>
    </p>
   </div>
   <div class='ocr_carea' id='block_1_5' title="bbox 5 3011 7 3026">
    <p class='ocr_par' dir='ltr' id='par_1_5' title="bbox 5 3011 7 3026">
     <span class='ocr_line' id='line_1_31' title="bbox 5 3011 7 3026; baseline 0 0"><span class='ocrx_word' id='word_1_206' title='bbox 5 3011 7 3026; x_wconf 71' lang='lat' dir='ltr'><strong>t</strong></span> 
     </span>
    </p>
   </div>
   <div class='ocr_carea' id='block_1_6' title="bbox 5 2957 1014 3043">
    <p class='ocr_par' dir='ltr' id='par_1_6' title="bbox 5 2957 1014 3043">
     <span class='ocr_line' id='line_1_32' title="bbox 5 2957 1014 3043; baseline -0.001 -24"><span class='ocrx_word' id='word_1_207' title='bbox 5 2987 6 3000; x_wconf 32' lang='grc' dir='ltr'>ι</span> <span class='ocrx_word' id='word_1_208' title='bbox 63 2958 309 3022; x_wconf 87' lang='lat' dir='ltr'><strong>ostenderemus.</strong></span> <span class='ocrx_word' id='word_1_209' title='bbox 349 2957 472 3043; x_wconf 83' lang='lat' dir='ltr'><strong>Magna</strong></span> <span class='ocrx_word' id='word_1_210' title='bbox 499 2957 568 3022; x_wconf 88' lang='lat' dir='ltr'><strong>sine</strong></span> <span class='ocrx_word' id='word_1_211' title='bbox 595 2958 663 3022; x_wconf 88' lang='lat' dir='ltr'><strong>ulla</strong></span> <span class='ocrx_word' id='word_1_212' title='bbox 695 2957 896 3022; x_wconf 87' lang='lat' dir='ltr'><strong>dubitatione</strong></span> <span class='ocrx_word' id='word_1_213' title='bbox 923 2976 1014 3039; x_wconf 84' lang='lat' dir='ltr'><strong>prae·</strong></span> 
     </span>
    </p>
   </div>
   <div class='ocr_carea' id='block_1_7' title="bbox 63 3043 1014 3130">
    <p class='ocr_par' dir='ltr' id='par_1_7' title="bbox 63 3043 1014 3130">
     <span class='ocr_line' id='line_1_33' title="bbox 63 3043 1014 3130; baseline 0 -22"><span class='ocrx_word' id='word_1_214' title='bbox 63 3047 159 3130; x_wconf 88' lang='lat' dir='ltr'><strong>ceptis</strong></span> <span class='ocrx_word' id='word_1_215' title='bbox 171 3047 293 3111; x_wconf 88' lang='lat' dir='ltr'><strong>nostris</strong></span> <span class='ocrx_word' id='word_1_216' title='bbox 309 3067 398 3111; x_wconf 85' lang='lat' dir='ltr'><strong>exeo</strong></span> <span class='ocrx_word' id='word_1_217' title='bbox 414 3046 579 3111; x_wconf 88' lang='lat' dir='ltr'><strong>accederet</strong></span> <span class='ocrx_word' id='word_1_218' title='bbox 593 3045 776 3110; x_wconf 86' lang='lat' dir='ltr'><strong>auctoritas.</strong></span> <span class='ocrx_word' id='word_1_219' title='bbox 805 3043 867 3108; x_wconf 83' lang='lat' dir='ltr'><strong>Sed</strong></span> <span class='ocrx_word' id='word_1_220' title='bbox 885 3043 1014 3128; x_wconf 86' lang='lat' dir='ltr'><strong>quando</strong></span> 
     </span>
    </p>
   </div>
   <div class='ocr_carea' id='block_1_8' title="bbox 5 3131 1015 3219">
    <p class='ocr_par' dir='ltr' id='par_1_8' title="bbox 5 3131 1015 3219">
     <span class='ocr_line' id='line_1_34' title="bbox 5 3131 1015 3219; baseline 0 -23"><span class='ocrx_word' id='word_1_221' title='bbox 5 3165 6 3210; x_wconf 76' lang='lat'>3</span> <span class='ocrx_word' id='word_1_222' title='bbox 62 3133 90 3198; x_wconf 94' lang='lat' dir='ltr'><strong>id</strong></span> <span class='ocrx_word' id='word_1_223' title='bbox 107 3135 288 3218; x_wconf 86' lang='lat' dir='ltr'><strong>optandum</strong></span> <span class='ocrx_word' id='word_1_224' title='bbox 306 3135 428 3218; x_wconf 83' lang='lat' dir='ltr'><strong>potius,</strong></span> <span class='ocrx_word' id='word_1_225' title='bbox 447 3157 544 3219; x_wconf 91' lang='lat' dir='ltr'><strong>quam</strong></span> <span class='ocrx_word' id='word_1_226' title='bbox 563 3133 757 3218; x_wconf 82' lang='lat' dir='ltr'><strong>sperandum</strong></span> <span class='ocrx_word' id='word_1_227' title='bbox 770 3131 910 3216; x_wconf 83' lang='lat' dir='ltr'><strong>videtur,</strong></span> <span class='ocrx_word' id='word_1_228' title='bbox 929 3132 1015 3216; x_wconf 88' lang='lat' dir='ltr'><strong>quod</strong></span> 
     </span>
    </p>
   </div>
   <div class='ocr_carea' id='block_1_9' title="bbox 61 3221 1015 3309">
    <p class='ocr_par' dir='ltr' id='par_1_9' title="bbox 61 3221 1015 3309">
     <span class='ocr_line' id='line_1_35' title="bbox 61 3221 1015 3309; baseline -0.002 -23"><span class='ocrx_word' id='word_1_229' title='bbox 61 3223 92 3286; x_wconf 90' lang='lat' dir='ltr'><strong>in</strong></span> <span class='ocrx_word' id='word_1_230' title='bbox 112 3223 276 3309; x_wconf 81' lang='lat' dir='ltr'><strong>frugibus,</strong></span> <span class='ocrx_word' id='word_1_231' title='bbox 298 3224 334 3286; x_wconf 89' lang='lat' dir='ltr'><strong>in</strong></span> <span class='ocrx_word' id='word_1_232' title='bbox 355 3223 476 3288; x_wconf 85' lang='lat' dir='ltr'><strong>fetibus</strong></span> <span class='ocrx_word' id='word_1_233' title='bbox 500 3223 664 3306; x_wconf 88' lang='lat' dir='ltr'><strong>arborum,</strong></span> <span class='ocrx_word' id='word_1_234' title='bbox 686 3222 722 3286; x_wconf 91' lang='lat' dir='ltr'><strong>in</strong></span> <span class='ocrx_word' id='word_1_235' title='bbox 745 3221 933 3305; x_wconf 86' lang='lat' dir='ltr'><strong>corporibus</strong></span> <span class='ocrx_word' id='word_1_236' title='bbox 948 3221 1015 3284; x_wconf 91' lang='lat' dir='ltr'><strong>ani-</strong></span> 
     </span>
    </p>
   </div>
   <div class='ocr_carea' id='block_1_10' title="bbox 5 3310 1016 3397">
    <p class='ocr_par' dir='ltr' id='par_1_10' title="bbox 5 3310 1016 3397">
     <span class='ocr_line' id='line_1_36' title="bbox 5 3310 1016 3397; baseline -0.009 -16"><span class='ocrx_word' id='word_1_237' title='bbox 5 3311 6 3382; x_wconf 60' lang='grc' dir='ltr'>Ξ</span> <span class='ocrx_word' id='word_1_238' title='bbox 62 3313 227 3397; x_wconf 83' lang='lat' dir='ltr'><strong>muntium,</strong></span> <span class='ocrx_word' id='word_1_239' title='bbox 252 3312 368 3396; x_wconf 89' lang='lat' dir='ltr'><strong>quibus</strong></span> <span class='ocrx_word' id='word_1_240' title='bbox 391 3311 734 3394; x_wconf 84' lang='lat' dir='ltr'><strong>vescimur,·facimus,</strong></span> <span class='ocrx_word' id='word_1_241' title='bbox 757 3313 807 3394; x_wconf 88' lang='lat' dir='ltr'><strong>ut,</strong></span> <span class='ocrx_word' id='word_1_242' title='bbox 829 3310 959 3375; x_wconf 88' lang='lat' dir='ltr'><strong>resectis</strong></span> <span class='ocrx_word' id='word_1_243' title='bbox 984 3313 1016 3373; x_wconf 88' lang='lat' dir='ltr'><strong>et</strong></span> 
     </span>
    </p>
   </div>
   <div class='ocr_carea' id='block_1_11' title="bbox 5 3387 7 3446">
    <p class='ocr_par' dir='ltr' id='par_1_11' title="bbox 5 3387 7 3446">
     <span class='ocr_line' id='line_1_37' title="bbox 5 3387 7 3446; baseline 0 -6"><span class='ocrx_word' id='word_1_244' title='bbox 5 3387 7 3446; x_wconf 77' lang='lat' dir='ltr'><strong>i</strong></span> 
     </span>
    </p>
   </div>
   <div class='ocr_carea' id='block_1_12' title="bbox 5 3463 7 3720">
    <p class='ocr_par' dir='ltr' id='par_1_12' title="bbox 5 3463 7 3720">
     <span class='ocr_line' id='line_1_38' title="bbox 5 3463 7 3580; baseline 0 0"><span class='ocrx_word' id='word_1_245' title='bbox 5 3463 7 3580; x_wconf 75' lang='lat' dir='ltr'><strong>i</strong></span> 
     </span>
     <span class='ocr_line' id='line_1_39' title="bbox 5 3583 7 3720; baseline 0 0"><span class='ocrx_word' id='word_1_246' title='bbox 5 3583 7 3720; x_wconf 73' lang='lat' dir='ltr'><strong>i</strong></span> 
     </span>
    </p>
   </div>
   <div class='ocr_carea' id='block_1_13' title="bbox 62 3399 1018 3661">
    <p class='ocr_par' dir='ltr' id='par_1_13' title="bbox 62 3399 1018 3661">
     <span class='ocr_line' id='line_1_40' title="bbox 62 3399 1016 3486; baseline -0.002 -24"><span class='ocrx_word' id='word_1_247' title='bbox 62 3402 233 3486; x_wconf 84' lang='lat' dir='ltr'><strong>amputatis</strong></span> <span class='ocrx_word' id='word_1_248' title='bbox 265 3401 320 3485; x_wconf 90' lang='lat' dir='ltr'><strong>iis,</strong></span> <span class='ocrx_word' id='word_1_249' title='bbox 353 3421 434 3484; x_wconf 89' lang='lat' dir='ltr'><strong>quae</strong></span> <span class='ocrx_word' id='word_1_250' title='bbox 466 3400 595 3464; x_wconf 87' lang='lat' dir='ltr'><strong>inutilia</strong></span> <span class='ocrx_word' id='word_1_251' title='bbox 623 3403 712 3481; x_wconf 89' lang='lat' dir='ltr'><strong>sunt,</strong></span> <span class='ocrx_word' id='word_1_252' title='bbox 744 3399 797 3482; x_wconf 88' lang='lat' dir='ltr'><strong>iis,</strong></span> <span class='ocrx_word' id='word_1_253' title='bbox 830 3421 911 3482; x_wconf 89' lang='lat' dir='ltr'><strong>quae</strong></span> <span class='ocrx_word' id='word_1_254' title='bbox 943 3419 1016 3480; x_wconf 92' lang='lat' dir='ltr'><strong>pro-</strong></span> 
     </span>
     <span class='ocr_line' id='line_1_41' title="bbox 62 3485 1016 3574; baseline -0.002 -24"><span class='ocrx_word' id='word_1_255' title='bbox 62 3487 146 3554; x_wconf 89' lang='lat' dir='ltr'><strong>desse</strong></span> <span class='ocrx_word' id='word_1_256' title='bbox 173 3493 328 3574; x_wconf 87' lang='lat' dir='ltr'><strong>possunt,</strong></span> <span class='ocrx_word' id='word_1_257' title='bbox 355 3492 497 3571; x_wconf 81' lang='lat' dir='ltr'><strong>utamur3</strong></span> <span class='ocrx_word' id='word_1_258' title='bbox 523 3488 609 3552; x_wconf 90' lang='lat' dir='ltr'><strong>idem</strong></span> <span class='ocrx_word' id='word_1_259' title='bbox 635 3487 671 3550; x_wconf 91' lang='lat' dir='ltr'><strong>in</strong></span> <span class='ocrx_word' id='word_1_260' title='bbox 692 3487 755 3550; x_wconf 90' lang='lat' dir='ltr'><strong>hoc</strong></span> <span class='ocrx_word' id='word_1_261' title='bbox 778 3507 895 3570; x_wconf 86' lang='lat' dir='ltr'><strong>genere</strong></span> <span class='ocrx_word' id='word_1_262' title='bbox 913 3485 1016 3568; x_wconf 89' lang='lat' dir='ltr'><strong>philo·</strong></span> 
     </span>
     <span class='ocr_line' id='line_1_42' title="bbox 63 3573 1018 3661; baseline -0.005 -22"><span class='ocrx_word' id='word_1_263' title='bbox 63 3578 232 3661; x_wconf 88' lang='lat' dir='ltr'><strong>sophorum</strong></span> <span class='ocrx_word' id='word_1_264' title='bbox 260 3577 445 3642; x_wconf 84' lang='lat' dir='ltr'><strong>faciendum</strong></span> <span class='ocrx_word' id='word_1_265' title='bbox 473 3579 536 3660; x_wconf 90' lang='lat' dir='ltr'><strong>est,</strong></span> <span class='ocrx_word' id='word_1_266' title='bbox 563 3579 613 3659; x_wconf 93' lang='lat' dir='ltr'><strong>ut,</strong></span> <span class='ocrx_word' id='word_1_267' title='bbox 645 3575 765 3640; x_wconf 87' lang='lat' dir='ltr'><strong>reiecta</strong></span> <span class='ocrx_word' id='word_1_268' title='bbox 792 3595 902 3638; x_wconf 92' lang='lat' dir='ltr'><strong>eorum</strong></span> <span class='ocrx_word' id='word_1_269' title='bbox 929 3573 1018 3655; x_wconf 90' lang='lat' dir='ltr'><strong>turpi</strong></span> 
     </span>
    </p>
   </div>
   <div class='ocr_carea' id='block_1_14' title="bbox 0 0 1184 3944">
    <p class='ocr_par' dir='ltr' id='par_1_14' title="bbox 0 0 1184 3944">
     <span class='ocr_line' id='line_1_43' title="bbox 0 0 1184 3944; baseline 0 0"><span class='ocrx_word' id='word_1_270' title='bbox 0 0 1184 3944; x_wconf 95' lang='lat' dir='ltr'><strong> </strong></span> 
     </span>
    </p>
   </div>
  </div>
 </body>
</html>
