2360 3944
200 167 245 228 44
577 165 713 222 ORATIO
732 165 779 218 lV.

201 311 288 374 ciosa
311 333 389 376 esse.
425 309 477 374 Da
498 309 623 374 homini
646 331 714 374 non
736 309 933 394 philosopho
957 333 1034 395 opes
1056 331 1089 377 ac
1102 334 1142 377 co·

201 399 285 482 pias,
308 399 349 462 da
371 401 511 464 honores
536 401 631 481 atque
654 398 803 482 imperia,
826 399 867 462 da
890 399 1017 464 firmam
1039 401 1141 465 valetu-

203 486 323 569 dinem,
351 489 392 553 ιιι
419 487 648 572 gladiatorium
674 486 777 550 totius
805 488 949 571 corporis
976 489 1085 571 robur,
1112 490 1143 552 da

203 575 377 642 multarum
419 595 673 659 magnarumque
714 596 823 639 rerum
864 577 1082 660 coguitionem
1115 600 1143 640 ιι

203 663 383 766 scientiam,
411 665 452 729 ιιι
480 663 685 727 flexanimam
706 663 859 745 illam,u
837 667 1013 747 utpodtae
1036 671 1144 748 vocant,

203 755 236 815 et
263 755 407 818 omnium
433 773 540 816 rerum
567 752 714 836 reginam
741 752 974 836 eloquentiam,
1002 753 1044 816 da
1071 754 1143 853 quid-

204 841 312 922 quid
303 864 338 904 ιιι
360 841 434 905 filiis
457 845 573 923 parent
574 863 629 904 um
651 839 734 904 votis
759 840 865 923 optari
880 842 976 904 solet:
1002 863 1064 924 quo
1078 843 1144 905 eius·

205 929 291 992 modi
309 931 402 1012 plura
420 930 455 992 in
472 930 570 992 talem
588 929 754 998 homiuem
773 930 988 1013 congesseris,
1011 951 1049 994 eo
1070 931 1144 994 illum

204 1017 307 1100 magis
334 1020 367 1081 et
392 1018 428 1080 in
454 1039 545 1081 suam
573 1020 605 1080 et
631 1017 667 1080 in
694 1017 831 1080 aliorum
857 1018 1035 1100 perniciem
1060 1041 1144 1082 arna·

205 1105 296 1168 veris,
333 1103 455 1188 Opibus
478 1106 629 1169 abutetur
652 1105 693 1167 ad
716 1127 808 1168 suam
836 1105 1006 1171 libidinem
1034 1109 1144 1191 explen-

205 1191 292 1274 dam,
314 1193 456 1278 imperiis
475 1193 516 1257 ad
540 1194 678 1258 alienam
700 1193 883 1258 libertatem
907 1197 1144 1279 opprimendam,

206 1279 355 1346 firmitate
379 1286 412 1347 et
433 1281 547 1346 robore
571 1283 612 1346 ad
636 1282 784 1346 obeunda
806 1283 966 1368 facinora,
997 1285 1145 1348 scientiam

204 1371 393 1455 copiamque
422 1371 548 1435 dicendi
576 1371 617 1434 ad
645 1371 939 1436 circumveniendos
970 1373 1055 1436 cives
1077 1394 1145 1450 suos,

205 1459 246 1521 ad
276 1461 528 1542 perturbandam
554 1459 798 1542 rempublicam,
825 1460 866 1522 ad
889 1461 1000 1524 omnia
1027 1462 1145 1542 denique

205 1549 275 1610 tum
298 1569 401 1632 sacra,
427 1552 498 1612 tum
525 1549 663 1630 profana
689 1548 910 1631 permiscenda
934 1553 967 1612 et
991 1549 1145 1614 evertenda

206 1639 379 1699 convertet.
415 1635 467 1699 Da
493 1636 573 1699 haec
597 1635 707 1699 eadem
735 1657 810 1700 vero
834 1636 1031 1720 minimeque
1052 1638 1144 1702 fucato

205 1722 412 1807 philosopho:
457 1723 563 1790 Deum
600 1719 778 1805 quendam
792 1725 833 1788 ad
864 1724 946 1788 bene
979 1725 1145 1796 faciendum

206 1810 347 1876 humano
371 1813 482 1897 generi
505 1834 521 1875 e
545 1812 634 1876 coelo
649 1811 822 1876 demissum
835 1834 904 1876 esse
923 1814 1020 1879 dices.
1055 1815 1145 1895 Atque

207 1899 267 1965 hoc
289 1901 369 1965 illud
393 1904 459 1984 est,
481 1901 597 1986 quod
588 1923 623 1964 ιιι
641 1899 808 1964 Alcibiade
831 1902 955 1966 minore
974 1905 1043 1968 sive
1060 1902 1124 1966 Plat
1112 1907 1146 1980 to,

207 1989 272 2054 sive
304 1989 489 2074 Xenophon
521 1991 677 2074 disputat,
714 2012 752 2054 ιι
784 2011 865 2072 quae
898 1995 1014 2074 suapte
1045 1995 1146 2056 natura

205 2077 293 2143 bona
321 2083 409 2162 sunt,
437 2079 505 2144 sine
534 2079 668 2144 scientia
695 2079 776 2161 eius,
801 2079 889 2161 quod
917 2080 1075 2163 optimum
1099 2082 1146 2158 est,

208 2189 305 2248 quam
342 2166 477 2230 eandem
513 2170 546 2231 et
580 2167 819 2251 philosophiam
856 2189 924 2232 esse
963 2171 1083 2252 statuo,
1115 2165 1147 2228 ad

207 2254 394 2338 perniciem,
425 2276 493 2320 non
520 2255 561 2318 ad
587 2257 724 2320 salutern
750 2257 865 2320 valere.
909 2254 937 2320 0
964 2259 1147 2340 praeclaram

207 2343 334 2408 laudem
365 2343 602 2428 philosophiae,
634 2345 723 2408 cuius
755 2365 816 2426 ope
845 2365 886 2408 ne
914 2346 1000 2410 mala
1034 2345 1147 2430 quidem

208 2453 336 2517 nocere,
368 2455 431 2518 qua
463 2433 619 2516 detracta
658 2455 699 2496 ne
731 2433 818 2497 bona
850 2433 979 2516 quidem
1009 2435 1147 2519 prodesse

208 2523 355 2604 possunt!
410 2521 527 2586 Merito
569 2485 650 2586 ιιιιιιι
683 2520 831 2607 Plator),
873 2523 999 2586 nullum
1036 2545 1056 2588 ι
1089 2520 1148 2586 Diis

207 2609 318 2674 datum
350 2633 419 2675 esse
454 2610 639 2676 hominibus
672 2632 709 2674 ea
741 2610 845 2674 maius
878 2614 935 2675 aut
965 2610 1148 2695 praeclarius

207 2699 341 2783 donum3
362 2700 477 2764 merito
500 2697 683 2785 ciceron),
705 2721 806 2763 unum
829 2699 913 2763 diem
927 2721 966 2764 ex
984 2701 1052 2765 eius
1070 2717 1148 2784 prae·

191 2789 308 2872 'ceptis
331 2793 438 2853 actum
459 2789 695 2854 immortalitati
717 2789 986 2871 anteponendum.

272 2876 385 2962 Neque
407 2900 483 2946 vero
507 2900 574 2942 non
596 2877 676 2942 illud
699 2877 740 2940 ad
768 2878 850 2960 eius,
877 2877 916 2941 de
944 2898 1007 2961 qua
1033 2874 1149 2962 proprie

207 2989 311 3034 sermo
334 2968 428 3032 nobis
450 2968 618 3032 institutus
641 2969 703 3052 est,
729 2965 953 3050 philosophiae
974 2967 1099 3030 laudem
1119 2982 1149 3024 ac

207 3057 519 3123 commendationem
550 3056 642 3140 facit,
669 3055 755 3139 quod
788 3055 896 3119 omnia
922 3054 1150 3139 propemodum,

208 3167 288 3228 quae
317 3167 337 3209 a
367 3146 528 3210 veteribus
561 3145 599 3210 de
631 3143 838 3230 philosophia
869 3143 1045 3209 honorifice
1076 3142 1150 3205 dicta

261 3301 286 3370 *l
306 3301 376 3356 Tim.
401 3319 471 3389 pag.
485 3308 527 3356 47.
547 3301 578 3356 B
599 3295 671 3367 ἔξ
652 3322 691 3355 ων
716 3297 909 3389 ἐπορισάμεθα
933 3300 1095 3390 φιλοσοφίας
1112 3292 1149 3362 γε’-

207 3391 268 3460 νος,
287 3365 321 3426 οὗ
340 3375 435 3442 μεῖζον
453 3367 568 3442 ἀγαθὸν
587 3369 637 3428 oda
656 3364 744 3442 ἦλθεν
763 3367 828 3428 οὔθ’
847 3367 909 3440 ηξει
923 3391 990 3426 ποτε
1009 3392 1046 3442 τῳ
1034 3363 1149 3434 θιιτῲ

208 3442 285 3514 γένει
304 3443 436 3512 δωρηθιν
455 3439 487 3499 ιι
505 3443 592 3498 θεῶν

245 3518 287 3585 **)
307 3513 361 3569 Cic.
382 3515 462 3570 Tusa
481 3514 515 3570 V.
535 3521 559 3568 2.
580 3521 604 3570 5.
