2328 3956
154 165 217 228 110
468 162 647 219 EPISTOLA
664 163 788 220 LXXIX.

152 309 232 374 mihi
265 309 434 392 diligenter
465 307 620 374 Ioannem
651 307 839 373 Dellianum
873 311 1032 393 nostrum,
1066 309 1108 372 ad

153 419 248 483 quem
271 397 409 462 scribam
431 418 517 480 cras;
539 419 615 462 nam
637 397 781 462 nondum
803 397 943 462 multum
969 417 1031 462 uno
1056 397 1108 461 die

153 487 290 551 seribere
323 486 438 550 audeo:
470 486 530 550 tibi
562 488 682 570 autem,
720 487 774 572 qui
805 486 895 570 prior
926 486 1110 570 scripseras,

151 573 456 727 priuspresponderi
489 595 627 662 aequum
641 625 642 628 ,
658 575 728 642 firit.
782 574 874 642 Vale.
906 573 991 640 Prid
1022 572 1110 641 Non.

182 665 222 728 ct.
272 663 389 731 etauio.

549 788 709 800 ιιι-ο--ο-

557 891 694 958 LXXIX

346 1020 395 1094 M.
422 1019 666 1092 ANTONIUS
693 1017 917 1093 MURETUS

201 1155 421 1211 HIERONYMO
440 1154 568 1211 ΖΟΡΡΙΟ
587 1155 814 1212 BONONIENSI
831 1155 1067 1214 PHILOSOPHO

598 1263 619 1304 a.
633 1263 660 1304 υ.

220 1373 432 1458 Tragoediam
451 1372 517 1437 sive
540 1372 581 1436 ab
604 1371 803 1438 auditoribus
825 1373 905 1457 tuis,
926 1375 964 1436 ut
986 1373 1113 1451 scribis,

154 1463 229 1546 sive,
250 1464 288 1527 ut
309 1462 389 1528 mihi
402 1461 605 1526 verisimilius
627 1461 679 1546 fit,
703 1465 772 1526 ate
794 1461 866 1545 ipro
893 1461 1115 1546 conscriptam

152 1573 219 1616 non
242 1553 370 1614 tantum
393 1550 653 1634 cumvoluptate,
676 1549 732 1614 sed
754 1551 854 1614 etiam
876 1571 950 1614 cum
972 1550 1115 1614 admira-

152 1639 241 1703 tione
263 1638 399 1723 perlegi:
422 1639 469 1703 ita
482 1639 562 1704 mihi
584 1638 654 1702 visa
676 1641 727 1703 est
747 1639 844 1724 longe
865 1659 963 1722 supra
975 1660 1116 1703 consue-

153 1725 298 1791 tudinem
329 1727 424 1792 huius
457 1727 586 1811 aetatis,
618 1730 732 1792 ornata
758 1729 869 1792 multis
897 1731 929 1792 et
956 1728 1116 1812 gravibus

154 1816 322 1881 sententiis
350 1819 382 1880 et
409 1817 599 1900 tempestive
621 1816 769 1900 prolatis,
797 1820 830 1882 et
858 1816 1037 1902 grandiae
1064 1840 1116 1882 su·

153 1905 246 1969 blimi
267 1905 438 1970 verborum
452 1923 569 1988 genere
590 1905 789 1970 illuminatis.
824 1904 895 1970 Iam
909 1905 996 1991 quod
1019 1906 1116 1970 fabu-

153 1995 219 2058 lam
246 1994 350 2078 ipsam
377 1993 489 2058 leviter
515 1993 695 2058 immutasti
725 1995 896 2079 paulloque
924 1995 1020 2058 aliter
1047 1999 1116 2059 tra-

25 2157 32 2162 ·
154 2083 263 2166 ctasti,
290 2105 387 2169 quam
415 2105 435 2146 a
460 2082 620 2146 veteribus
647 2083 767 2146 tradita
795 2085 857 2165 est,
884 2083 1008 2148 factrrm
1037 2105 1061 2148 a
1084 2090 1116 2147 te

153 2173 401 2254 prudentissime
425 2174 459 2236 et
487 2192 612 2236 summo
635 2171 769 2236 artificio
791 2171 906 2236 iudico.
959 2169 1051 2236 Nam
1085 2177 1117 2235 et

154 2263 276 2324 veteres
299 2261 387 2344 ipsos
411 2261 478 2324 eius
500 2260 548 2324 rei
561 2262 706 2324 auctores
719 2259 829 2344 habes,
851 2264 884 2324 et
906 2281 973 2325 non
988 2281 1116 2346 magna

155 2349 332 2413 mutatione
358 2369 525 2434 personas,
555 2349 666 2434 quales
697 2347 887 2414 Aristoteles
915 2349 955 2414 ad
981 2352 1116 2434 tragoe-

156 2438 241 2500 diam
272 2440 365 2521 aptas
397 2459 466 2502 esse
501 2437 583 2520 vult,
618 2437 793 2504 reddidisti.
851 2437 969 2502 'lotum
1002 2443 1116 2502 autem

154 2547 270 2610 poema
297 2526 362 2590 olet
388 2525 610 2608 Academiam,
642 2525 707 2590 olet
733 2525 885 2610 Lyceum,
918 2527 982 2590 olet
1006 2527 1117 2610 philo-

156 2614 315 2700 sophiam,
346 2637 414 2680 non
439 2614 529 2679 illam
555 2613 720 2678 horridam
752 2618 785 2678 et
810 2615 965 2679 incultam
993 2619 1030 2680 et
1058 2621 1117 2680 aut

155 2705 316 2790 elinguem
338 2707 395 2770 aut
417 2704 514 2769 stulte
537 2703 724 2788 clamosam,
753 2725 833 2788 quae
860 2703 955 2768 hodie
982 2703 1116 2770 scholae

155 2816 254 2878 prope
282 2814 393 2858 omnes
420 2792 601 2876 occupavit,
633 2791 689 2858 sed
719 2795 879 2858 vetustam
905 2792 994 2857 illam
1026 2791 1116 2858 Aeu-

156 2904 238 2967 eam,
268 2885 416 2948 ornatam
443 2881 658 2965 ingenuarum
688 2881 805 2946 artium
836 2882 938 2948 multo
970 2883 1115 2966 splendi-

156 2972 259 3056 doque
282 2971 443 3037 comitatu„
489 2967 602 3054 Neque
626 2970 737 3036 dubito
759 2969 842 3054 fore,
868 2973 906 3034 ut
927 2973 984 3034 aut
1007 2973 1115 3036 omni-

156 3059 216 3124 bus
233 3063 367 3145 placeat,
390 3063 446 3124 aut
467 3059 508 3124 iis
525 3061 653 3124 tantum
667 3059 843 3144 displiceat,
866 3057 982 3143 quibus
1001 3059 1114 3143 displi-

157 3168 226 3211 cere
257 3149 327 3213 laus
360 3153 417 3214 est.
471 3147 522 3214 Ne
553 3169 605 3212 me
633 3149 744 3212 tamen
772 3149 852 3213 haec
883 3147 1015 3212 auribus
1047 3151 1114 3213 tuis

155 3236 296 3300 tribuere
323 3237 423 3320 dieas,
449 3237 598 3302 indicabo
626 3236 738 3320 etiam,
766 3257 847 3322 quae
874 3257 941 3302 non
967 3237 1114 3319 probem,

156 3329 193 3390 ut
214 3327 307 3390 tauto
321 3325 425 3408 magis
448 3325 619 3410 intelligas,
633 3325 715 3390 mihi
729 3329 835 3390 cetera
846 3325 985 3409 probari.
1018 3323 1114 3402 Quod

156 3415 256 3498 igitur
277 3413 312 3476 in
334 3413 468 3496 prologo
493 3435 617 3498 omnes,
641 3414 757 3498 quibus
779 3414 924 3499 probitas
947 3435 985 3478 ac
1005 3413 1113 3497 pietas

158 3502 245 3564 cordi
268 3505 325 3584 est,
347 3499 497 3564 iubentur
520 3501 613 3584 exire,
636 3506 673 3566 ut
695 3503 860 3568 iitautum
884 3505 1036 3587 spectant,
1053 3503 1113 3587 qui
