2330 3944
189 223 231 287 86
552 223 688 279 ORATIO
708 223 780 278 VIII.

188 371 372 436 Gratiarum
398 369 547 434 manibus
569 369 705 453 factum,
734 372 767 433 et
789 369 845 433 illa
868 369 932 434 duo
957 375 1133 434 ornamenta

189 461 321 542 saeculi,
357 460 560 524 firmamenta
591 458 786 540 litterarum,
823 457 986 522 domicilia
1018 460 1132 523 virtutis

188 554 222 613 et
249 548 451 630 eruditionis,
479 545 672 611 Gulielmum
700 545 853 611 Sirletum
884 549 917 610 et
939 545 1134 610 Franciscum

188 636 364 718 Alciatum,
387 673 429 682 —-
453 636 494 700 ad
513 657 567 700 eos
586 635 699 720 igItur,
722 657 859 718 quorum
876 635 943 699 iam
965 636 1086 718 pridem
1105 637 1134 698 in

187 726 251 790 fide
274 747 311 790 ac
335 725 483 789 clientela
506 745 645 808 eramus,
672 745 745 788 cum
767 723 912 807 proxime
935 745 1022 809 eum,
1051 745 1133 808 quem

188 817 284 899 pleno
322 815 424 899 gradu
460 835 518 896 per
559 835 617 876 sua
652 812 790 896 vestigia
825 811 1028 876 incedentem
1058 813 1135 876 videt

189 924 346 988 quemque
375 902 497 986 optimo
525 902 594 965 iure
621 900 709 966 cordi
733 922 791 964 suo
815 901 1017 965 carissimum
1038 900 1135 984 habet,

188 992 299 1056 fratris
325 990 428 1054 filium
455 989 642 1074 Philippum
665 987 695 1054 S.
720 986 802 1053 Sixti
826 987 1031 1054 Cardinalem
1058 989 1134 1054 addi·

189 1081 284 1162 derit,
298 1101 433 1162 eumque
447 1079 591 1142 florentis
606 1078 721 1143 aetatis
736 1078 1048 1143 commendationem
1061 1101 1079 1142 a
1092 1079 1135 1142 lit-

188 1173 330 1233 terarum
338 1168 518 1252 patrocinio
529 1167 643 1232 ducere
652 1167 803 1250 voluerit;
817 1167 872 1250 qui
885 1167 945 1231 tali
954 1173 1134 1252 argumento

189 1257 360 1322 declararit
381 1258 583 1322 voluntatem
606 1277 683 1341 erga
697 1275 757 1320 nos
772 1277 877 1338 suam,
899 1256 941 1339 is,
964 1257 1136 1340 metuimus,

189 1368 230 1411 ne
253 1347 378 1410 litteras
402 1349 458 1410 aut
481 1366 574 1430 egere
598 1349 655 1408 aut
676 1345 780 1410 iacere
803 1343 968 1428 patiatur?

256 1433 318 1500 Sed
340 1438 390 1518 ut,
412 1434 497 1500 unde
521 1434 683 1519 digressus
707 1448 795 1516 sum,
821 1431 952 1497 redeam
979 1437 1077 1519 atque
1101 1434 1135 1516 id,

190 1524 275 1608 quod
298 1524 438 1607 institui,
462 1522 640 1588 absolvam:
663 1525 697 1586 et
719 1521 759 1586 ad
781 1521 953 1586 facultates
976 1543 1014 1587 ac
1037 1523 1136 1606 copias

189 1613 258 1676 sine
282 1611 434 1676 dedecore
457 1611 618 1694 parandas
633 1610 891 1676 accommodatae
912 1614 989 1674 sunt
1010 1611 1136 1694 litterae,

189 1703 222 1764 et
244 1700 346 1764 multo
369 1699 473 1783 magis
497 1699 649 1763 colendae
672 1700 725 1782 iis,
753 1699 807 1783 qui
831 1699 946 1784 opibus
970 1700 1137 1781 abundant,

188 1808 243 1870 ue,
275 1787 303 1852 si
334 1787 368 1851 id
398 1787 504 1851 facere
535 1788 750 1871 neglexerint,
780 1788 1005 1856 instrumentis
1038 1789 1098 1853 sibi
1122 1811 1158 1864 a

189 1873 259 1940 Deo
283 1876 323 1940 ad
346 1876 500 1940 virtutem
523 1875 607 1940 datis
630 1897 687 1960 per
710 1876 861 1941 inertiam
890 1876 984 1941 abusi
1007 1899 1077 1942 esse
1099 1865 1158 1949 dil

189 1969 311 2030 cantur.
347 1965 533 2049 Eademque
551 1965 635 2030 ratio
659 1967 708 2029 est
727 1969 900 2047 eteorum,
921 1965 1037 2050 quibus
1059 1966 1137 2048 clari,

189 2058 223 2136 et
240 2077 363 2138 eorum,
382 2055 497 2138 quibus
516 2054 644 2120 obscuri
662 2058 812 2138 parentes
833 2055 1028 2139 obtigerunt
1061 2053 1157 2119 Nan¹

189 2165 292 2225 neque
329 2143 376 2206 illi
412 2143 478 2208 ullo
515 2143 630 2208 maiori
662 2148 718 2208 aut
754 2142 922 2208 illustriori
955 2147 1137 2210 ornamento

189 2228 402 2293 condecorare
435 2234 480 2311 et,
511 2235 548 2295 ut
575 2229 709 2296 Homeri
740 2233 838 2296 verbo
870 2235 958 2315 utar,
990 2253 1156 2310 coronare,

188 2319 326 2399 possunt
352 2317 554 2384 nobilitatem
578 2341 597 2382 a
624 2321 799 2385 maioribus
831 2324 1009 2407 acceptam,
1041 2333 1156 2423 nequet

183 2403 223 2487 ¹hi
247 2425 286 2467 ex
307 2405 449 2470 tenebris
468 2407 535 2471 ulla
558 2408 683 2474 ratione
707 2409 834 2474 facilius
848 2431 1024 2495 emergere,
1049 2431 1139 2493 seque

187 2491 223 2554 in
250 2493 321 2556 luce
349 2497 444 2577 atque
467 2495 502 2560 in
525 2497 625 2561 oculis
649 2499 793 2564 omnium
816 2499 1004 2583 collocatos,
1027 2522 1048 2564 a
1072 2521 1139 2564 con·

187 2583 314 2662 temptu
337 2585 433 2665 atque
457 2585 497 2648 ab
521 2585 681 2651 oblivione
704 2587 739 2651 in
762 2591 954 2672 perpetuum
973 2589 1155 2659 vindicaret

187 2665 257 2768 tter
280 2672 350 2732 erat
373 2691 410 2735 ac
429 2674 514 2758 regis
533 2675 618 2739 filius
637 2674 819 2740 Alexander
833 2675 981 2762 Macedo,
1005 2681 1039 2742 et
1061 2678 1141 2742 viam

188 2755 249 2818 srbr
282 2757 322 2819 ad
355 2779 513 2826 summam
545 2764 724 2830 claritatem
760 2787 797 2830 ae
833 2766 1015 2850 potentiam
1048 2765 1140 2831 armis

187 2844 330 2926 quotidie
354 2850 528 2916 muniebat.
565 2851 611 2917 At
633 2853 661 2917 is
682 2857 714 2918 et
736 2854 809 2938 plus
833 2876 866 2920 se
890 2855 1006 2921 debere
1020 2853 1153 2919 Aristo

186 2933 257 3015 teli,
281 2955 383 3018 aquo
403 2941 559 3027 eruditus,
582 2965 679 3027 quam
697 2941 861 3028 Philippo,
884 2966 905 3008 a
927 2965 991 3028 quo
1016 2945 1142 3030 genitus

186 3019 293 3084 fuerat
315 3027 348 3087 et
371 3030 461 3096 euius
483 3033 519 3097 in
541 3054 677 3119 regnum
696 3035 905 3118 successerat,
927 3033 1142 3118 praedicabat,

186 3108 239 3203 et,
255 3128 328 3172 cum
351 3114 392 3177 ab
415 3117 471 3186 illo
496 3122 677 3210 divulgatos
701 3143 769 3186 esse
791 3121 891 3187 libros
915 3122 1074 3206 quosdam
1098 3143 1143 3186 ar·

186 3188 257 3252 durs
284 3193 323 3256 de
351 3203 448 3272 rebus
476 3211 612 3294 scriptos
640 3211 827 3295 accepisset,
860 3231 955 3296 aegre
982 3211 1073 3296 tulit,
1109 3231 1144 3276 ec

185 3295 343 3387 generosa
366 3295 506 3388 quadam
528 3301 752 3384 indignatione
775 3303 881 3366 motus
909 3300 1082 3384 epistolam
1105 3321 1123 3362 a

184 3382 259 3426 eum
282 3379 424 3461 80r1ps1t,
451 3383 487 3446 in
514 3407 577 3468 qua
604 3387 684 3452 haec
711 3389 810 3454 verba
838 3392 925 3454 sunt:
967 3389 1055 3454 Nam
1084 3409 1122 3470 qd

182 3469 216 3513 re
236 3453 367 3530 posthac
393 3472 499 3536 cereres
514 3475 754 3556 praestabimus,
786 3479 827 3556 si,
854 3497 931 3560 quoe
956 3497 979 3542 o
1001 3483 1029 3543 te
1050 3479 1121 3543 eder

182 3554 302 3619 sumu&
340 3563 377 3610 ea
409 3559 548 3624 omnium
580 3559 754 3630 commuuio
789 3565 900 3632 aaut?
940 3565 1009 3652 Epo
1040 3586 1087 3632 ou
