2360 3944
431 177 566 232 carrio
585 177 619 233 v.
953 179 998 244 55

65 322 158 386 castris
180 322 219 386 ad
241 321 444 405 repellendos
471 322 572 406 ipsius
599 321 834 406 vituperatores
856 324 998 408 primum

64 411 171 494 quidem
195 410 230 474 in
262 411 365 474 aciem
392 409 561 474 educemus
589 410 669 475 illud
696 411 890 496 honestatis,
916 413 998 478 illud

63 498 229 582 modestiae,
270 498 483 583 frugalitatis,
528 498 747 584 innocentiae,
787 499 998 586 fortitudinis,

63 587 149 650 omnis
171 587 307 670 denique
330 587 459 652 virtutis
487 588 648 671 specimen
676 591 709 652 et
735 591 911 673 exemplar,
939 587 997 654 So·

61 679 175 760 cratem,
199 675 254 759 qui
277 676 324 740 ita
347 675 473 740 locutus
497 679 558 760 est,
581 679 618 740 ut
642 697 680 740 cx
703 677 770 741 eius
796 677 996 742 sermonibus

63 785 166 847 omnes,
188 785 271 847 quae
285 766 399 848 postea
413 768 603 830 consecutae
618 768 707 849 sunt,
730 765 998 850 philosophorum

64 851 226 936 disciplinae
251 852 415 936 fluxerint,
437 853 484 917 ita
506 853 598 936 vixit,
621 857 658 918 ut
680 853 776 918 hodie
795 876 922 938 quoque
940 875 998 918 no-

62 961 121 1002 nen
143 941 228 1005 illius
257 963 326 1006 non
351 941 506 1026 hominis,
537 941 593 1006 sed
620 942 817 1027 integritatis
845 946 878 1006 et
904 943 997 1008 inno—

63 1029 165 1094 centiae
186 1051 308 1094 nomen
330 1033 472 1113 putetur.
508 1028 568 1096 Oui
591 1031 739 1096 succedet
760 1053 819 1116 par
837 1031 918 1096 illud
940 1053 998 1096 no-

63 1115 112 1180 bile
134 1117 167 1181 in
189 1119 303 1183 eodem
325 1119 511 1183 institutum
533 1119 609 1184 ludo
633 1119 817 1204 Xenophon
840 1123 873 1184 et
894 1119 998 1204 Plato,

64 1225 178 1286 quorum
203 1209 340 1291 uterque
368 1229 526 1272 summam
552 1208 758 1273 indissimili
788 1229 904 1294 genere
932 1210 997 1272 elo-

63 1294 190 1374 quentiae
232 1295 362 1360 laudem
396 1296 467 1379 pari
498 1297 583 1361 vitae
620 1297 777 1382 gravitate
815 1297 998 1360 cumulavit

63 1379 187 1446 Proxime
210 1383 272 1448 hos
291 1383 503 1470 Xenocrates,
527 1385 565 1449 dc
580 1385 670 1449 cuius
685 1383 869 1467 eloquentia
883 1383 997 1470 dicit*)

63 1466 185 1556 Polemo,
217 1473 259 1537 de
287 1473 487 1538 continentia
514 1472 656 1557 Phryne,
685 1473 723 1536 de
749 1473 938 1556 frugalitate
966 1476 1000 1536 et
1070 1493 1071 1496 ¹

63 1561 283 1644 contemptione
305 1562 460 1644 pecuniae
484 1559 680 1645 Alexander,
707 1560 746 1626 de
768 1561 830 1625 fide
854 1564 887 1624 et
908 1561 999 1626 iusti-

63 1645 99 1708 tia
120 1649 284 1714 universus
311 1651 450 1732 populus
478 1648 700 1734 Atheniensis,
728 1650 783 1733 qui
810 1671 884 1714 eum
912 1649 998 1714 dicto

64 1733 167 1815 publice
189 1737 379 1802 testimonio
403 1737 444 1801 ad
466 1759 539 1804 aras
561 1738 688 1803 iurandi
711 1759 824 1803 caussa
847 1739 998 1802 acceden-

64 1825 115 1886 tem
144 1846 208 1890 una
237 1845 315 1890 voce
347 1827 510 1892 revocavit
542 1847 580 1891 ac
606 1827 711 1891 iurare
738 1827 853 1910 uetuit,
883 1843 999 1910 parum

65 1908 111 1974 sibi
133 1913 285 1980 decorum
312 1917 415 1998 ratus,
438 1918 507 1980 tam
535 1918 697 1999 spectatae
723 1915 800 1978 fidei
823 1915 907 1998 viro,
935 1914 999 1977 nisi

66 1998 160 2086 iurato,
191 2024 265 2068 non
298 2003 477 2068 credidisse.
521 2003 602 2068 Inde
630 2007 797 2068 aeternum
822 2001 1000 2066 Alexandri

64 2087 162 2154 crinon
193 2087 482 2178 Callisthenes**),
513 2113 642 2176 unoque
673 2092 771 2157 verbo
803 2093 875 2156 tota
906 2093 1000 2156 vetus

63 2172 230 2264 Academia,
264 2183 298 2244 et
328 2179 482 2266 Lyceum,
509 2184 542 2245 et
568 2181 625 2245 illa
655 2201 723 2246 non
753 2183 822 2244 tam
852 2177 1001 2263 Myconis

63 2266 88 2326 et
103 2263 274 2353 Polygnoti
301 2268 449 2352 picturis,
477 2291 573 2353 quam
600 2267 739 2333 Zenonis
768 2271 801 2332 et
827 2265 1001 2353 Chrysippi

61 2351 317 2436 disputationibus
345 2357 516 2422 nobilitata
542 2357 699 2441 porticus,
726 2357 842 2441 quibus
871 2378 910 2420 ex
933 2377 1000 2419 om·

60 2440 138 2506 nibus
173 2445 269 2529 quasi
304 2445 432 2510 virtutis
463 2448 497 2510 et
532 2445 696 2510 doctrinae
733 2444 870 2510 officinis
906 2444 1001 2508 innu-

59 2531 212 2598 merabiles
247 2533 322 2617 viri,
354 2533 525 2618 incertum,
562 2534 737 2617 doctiores,
769 2555 812 2598 an
843 2533 1001 2616 meliores,

59 2619 241 2696 prodierunt.
278 2621 408 2706 Agmen
431 2623 582 2686 claudent
595 2621 777 2707 Epictetus,
799 2620 1001 2704 Plutarchus,
1095 2622 1105 2642 “

57 2701 212 2773 Musonius
249 2709 408 2793 ceterique
440 2711 488 2775 illi
520 2711 619 2774 aetati
646 2731 814 2794 suppares,
846 2730 926 2793 quos
954 2708 1001 2772 ita

58 2792 290 2881 philosophatos
318 2798 511 2882 accepimus,
542 2802 579 2862 ut
609 2798 662 2882 iis,
694 2798 885 2882 quibuscum
916 2796 1001 2861 vive-

58 2878 134 2968 bant,
157 2885 199 2949 ad
224 2887 334 2950 omnia
356 2889 445 2950 recta
468 2890 501 2950 et
522 2886 696 2951 laudabilia
713 2903 877 2971 non-uoce
897 2885 1002 2968 magis

57 2988 140 3048 quam
162 2975 311 3058 exemplo
334 2975 506 3058 praeirent.

110 3059 168 3124 His
194 3063 296 3147 copiis
318 3063 412 3127 facile
437 3085 600 3146 speramus
623 3063 706 3146 fore,
733 3065 771 3126 ut
794 3083 918 3145 corum,
946 3061 1002 3146 qui

57 3143 285 3232 philosophiam
307 3151 486 3230 maledictis
508 3152 666 3217 incessere
690 3149 824 3234 audent,
851 3149 1003 3215 retunda-

56 3233 100 3296 tur
120 3237 264 3303 audacia.
302 3237 364 3315 Qui
386 3240 415 3304 si
436 3240 483 3304 ita
505 3240 582 3306 victi
605 3243 712 3324 crunt,
734 3242 772 3304 ut
795 3239 944 3324 deinceps
966 3239 1004 3304 in

18 3389 19 3434 l
102 3443 124 3512 *l
142 3445 270 3502 Muretus
289 3448 319 3502 in
337 3464 425 3519 marg.
445 3449 564 3504 Aldinae
584 3448 697 3518 scripsit
714 3449 791 3506 dicet.
810 3445 921 3503 Ruhnk.

85 3512 312 3582 *urinantes
332 3535 392 3589 cap.
412 3525 453 3576 55.
