2360 3944
403 181 538 237 ORATIO
557 183 604 236 llI.
937 184 980 247 29

42 345 190 407 nunquam
221 324 470 408 intermittente,
501 347 661 409 nusquam
687 326 856 391 insistente
884 327 980 412 fluxu,

44 434 182 475 novarum
203 433 307 495 usque
331 415 364 476 et
386 413 622 477 admirabilium
643 435 750 478 rerum
769 415 862 499 copia
879 415 980 479 incre·

43 501 133 564 dibilis
150 499 296 584 profluit:
317 537 358 546 -
378 501 401 564 ii
420 501 548 565 demum
565 502 660 566 modo
676 503 830 567 clamores
847 503 980 586 faciunt,

40 588 122 652 modo
144 588 307 652 auditores
330 588 541 654 admiratione
564 611 732 674 percussos
755 591 847 654 silere
864 594 898 655 et
915 613 980 656 uno

39 677 67 738 in
99 677 211 740 obtutu
248 676 369 742 defixos
400 675 569 762 haerere*)
602 681 733 763 cogunt.
781 677 866 742 Illud
896 700 981 761 vero,

40 764 112 846 quod
132 765 168 828 in
191 765 331 829 oratoris
354 765 461 830 officio
484 766 616 830 tertium
638 766 784 850 ponitur,
812 771 981 830 concutere

39 852 190 916 audientes
220 853 310 917 omni
341 873 457 939 genere
489 854 674 937 affectuum,
706 875 880 938 eorumque
912 876 981 937 pcr-

38 943 164 1005 tractare
199 941 335 1007 intimos
372 963 498 1026 sensus,
539 945 572 1006 et
607 963 798 1026 quocunque
836 942 983 1010 collibuit

40 1028 165 1112 flectere,
207 1029 279 1112 quis
319 1050 463 1114 unquam
497 1030 561 1094 nisi
596 1030 802 1114 philosophia
838 1030 982 1094 munitus

41 1116 264 1200 consequetur?
295 1116 349 1181 An
367 1139 443 1182 vero
462 1119 513 1181 vel
527 1118 699 1182 accendere
718 1119 768 1182 vel
782 1119 981 1202 restinguere

39 1205 239 1289 iracundiam,
280 1207 331 1269 vel
371 1206 514 1270 incutere
555 1207 606 1270 vel
642 1201 788 1270 ericutere
824 1207 982 1289 timorem,

40 1294 80 1356 rel
109 1293 250 1358 conflare
282 1293 437 1358 invidiam
468 1295 519 1358 vel
550 1295 670 1378 levare,
705 1293 756 1358 vel
792 1294 834 1358 ad
860 1294 981 1358 miseri-

41 1381 169 1445 cordiam
196 1381 353 1446 adducere
380 1383 432 1446 vel
460 1382 719 1446 amisericordia
746 1382 903 1446 abducere
927 1404 981 1445 au-

41 1468 150 1534 dientes
179 1473 212 1533 et
239 1491 294 1534 eos
321 1471 413 1553 quasi
440 1470 658 1555 gubernaculo
686 1469 825 1552 quodam
851 1470 981 1554 linguae

41 1557 190 1640 inpellere
218 1558 377 1622 arbitratu
399 1580 457 1622 suo
484 1559 605 1642 poterit
631 1559 673 1641 is,
700 1557 755 1640 qui
777 1579 845 1621 non
866 1557 982 1622 horum

43 1646 172 1709 omnium
199 1645 371 1710 affectuum
398 1667 528 1711 caussas
551 1647 754 1730 rationesque
777 1646 982 1729 pernoverit?

96 1731 156 1797 Sed
183 1731 400 1820 increbuit**)
433 1756 537 1798 sermo
570 1735 700 1818 quidam
727 1734 895 1798 hominum
924 1734 982 1797 im·

43 1822 217 1905 peritorum,
253 1823 309 1906 qui
343 1822 391 1886 ita
426 1823 588 1906 dictitant,
623 1827 661 1887 ut
696 1843 738 1886 ne
769 1823 983 1906 inspiciantur

44 1909 156 1990 quidem
182 1910 452 1994 philosophorum
478 1911 565 1995 libri,
593 1911 671 1974 satis
698 1930 851 1994 magnam
873 1913 982 1972 tamen

44 2017 138 2062 earum
160 1998 306 2063 omnium
328 2019 435 2062 rerum
457 1999 651 2081 uberemque
673 1998 825 2062 notitiam
844 2018 882 2060 ex
904 1997 982 2080 ipsis

45 2084 194 2150 rhetorum
222 2086 350 2170 scriptis
377 2108 472 2170 posse
499 2087 631 2150 desumi.
676 2084 769 2160 Quod
797 2085 824 2148 si
850 2085 898 2148 ita
926 2089 983 2168 est,

44 2173 118 2256 quid,
144 2195 279 2258 quaeso,
306 2175 479 2239 commovit
504 2180 628 2239 veteres
654 2173 742 2257 illos,
775 2173 830 2256 qui
857 2172 982 2237 dicendi

44 2260 122 2325 laude
149 2263 265 2326 ceteris
295 2263 516 2327 antecelluisse
543 2262 766 2346 perhibentur,
793 2264 830 2325 ut
856 2264 983 2324 tantam

43 2369 137 2413 curam
158 2353 352 2433 tantumque
375 2351 517 2414 studium
534 2351 570 2414 in
592 2350 758 2414 audiendis
781 2348 982 2433 philosophis

43 2439 68 2497 et
89 2437 121 2501 in
142 2438 385 2521 perscrutandis
407 2441 599 2523 penitusque
622 2437 853 2523 cognoscendis
872 2458 982 2501 eorum

43 2527 208 2610 praeceptis
228 2527 476 2591 consumerent?
505 2526 588 2602 Quid
601 2526 756 2590 Periclem
769 2526 875 2608 illum,
893 2525 983 2590 cuius

42 2612 68 2674 in
87 2615 184 2678 labris
206 2615 421 2698 persuadendi
438 2614 542 2678 Deam
564 2615 761 2684 sessitavisse
782 2613 903 2677 dictum
926 2618 984 2696 est,

42 2721 123 2781 quern
153 2703 334 2787 fulgurare,
370 2724 465 2786 quem
500 2707 627 2786 tonare,
663 2723 758 2786 quem
792 2702 983 2785 permiscere

42 2786 196 2856 Graeciam
214 2791 328 2855 comici
350 2794 473 2855 veteres
495 2791 709 2872 tradiderunt,
727 2826 769 2836 -
788 2789 865 2873 quid
884 2789 984 2874 igitur

42 2875 118 2942 illum
146 2879 291 2962 impulit,
317 2882 355 2942 ut
376 2877 590 2963 Anaxagorae
618 2899 651 2942 se
678 2878 811 2962 physico
839 2878 983 2941 erudien-

7 3039 8 3048 χ
42 2963 105 3029 dum
131 2967 225 3030 daret
252 2987 388 3050 eumque
420 2970 645 3050 assectaretur,
677 2967 704 3030 si
736 2966 777 3029 ad
808 2965 910 3048 illam,
943 2966 984 3028 ad

43 3073 125 3132 quarn
148 3055 337 3138 adspirabat
359 3055 559 3138 eloquentiae
581 3054 709 3118 laudem
731 3051 814 3116 nihil
836 3052 872 3114 in
896 3051 982 3117 illius

8 3209 9 3222 ,
43 3139 177 3206 doctrina
193 3143 396 3206 intellexerat
409 3163 478 3206 esse
491 3141 669 3208 momenti?
696 3140 780 3216 Quid
792 3139 983 3206 Demosthe·

8 3305 10 3314 .
42 3249 116 3314 nem,
147 3231 225 3314 quid
252 3229 296 3294 M.
323 3230 464 3294 Tullium
496 3229 762 3296 commemorem?
796 3232 922 3294 tantam
948 3231 984 3295 in

9 3407 10 3410 ,
84 3372 108 3435 *)
125 3369 204 3438 Virg.
223 3370 293 3423 Aen,
312 3370 333 3422 1.
352 3375 413 3424 496.

134 3439 211 3493 Dum
229 3443 327 3507 stupet,
345 3439 491 3508 obtutuque
507 3439 598 3494 haeret
614 3439 720 3506 deltam
737 3441 770 3493 irc
787 3455 850 3495 mco.

69 3508 107 3577 *ἢ
126 3509 221 3564 Scribe
239 3511 398 3564 increbruit.
417 3509 527 3563 Ruhnk.
