2368 3956
202 201 265 266 182
572 200 656 258 VAR.
675 199 778 256 Lacr.

199 349 314 432 poetas
323 343 436 412 Gracci
450 346 597 430 exemplo
611 345 821 430 dietumcsse,
836 367 874 411 ex
889 368 954 432 quo
968 346 1146 433 quadratum

200 457 329 500 versum
351 435 591 520 perelegantem
614 434 693 500 citat
714 433 907 501 Plutarchus
916 433 956 522 ¹):

245 554 295 625 ot
318 554 560 645 φιλάνθρωπος
573 573 658 642 συγ
685 575 767 626 sco.
789 554 1010 714 εχεὲςδνιξσον.
1035 563 1146 647 χαίρεις

859 673 872 712 ι
896 671 965 726 ους.

197 771 249 838 lbi
276 771 362 838 enim
390 772 534 858 quisquis
561 773 616 838 ille
643 775 706 858 est,
738 773 793 857 qui
824 771 961 858 loquens
988 773 1147 857 inducitur,

198 863 312 946 negat,
335 861 421 946 quod
444 861 526 927 alius
549 862 711 948 quispiam
724 861 835 926 multis
848 861 1020 945 pecuniam
1042 863 1145 946 largia-

197 953 264 1033 tur,
291 949 325 1014 id
352 951 393 1014 ab
420 949 523 1034 ipsius
549 950 752 1016 humanitate
779 971 817 1014 ac
843 949 1038 1016 liberalitate
1065 951 1147 1034 proli·

199 1037 288 1102 eisei:
311 1058 385 1104 eum
408 1039 495 1102 enim
516 1039 574 1104 illo
597 1039 692 1124 quasi
709 1037 823 1106 morbo
846 1039 963 1126 teneri,
985 1043 1022 1105 ut
1045 1038 1146 1106 dandis

181 1125 342 1210 ‘pecuniis
365 1126 514 1212 gaudeat.

529 1336 674 1406 CAPUT
694 1337 826 1406 XLVII.

232 1457 282 1514 Du
300 1459 507 1529 numisma,
526 1459 600 1520 GUR
616 1459 718 1517 DIOTI
736 1459 821 1516 SINT
839 1459 948 1517 UNUM
965 1459 1118 1517 TANTUM

198 1548 349 1605 OCULUM
370 1547 531 1604 HABERE:
561 1548 653 1606 ITEM
674 1549 724 1604 DE
746 1548 913 1619 POPULIS,
940 1549 1040 1606 APUD
1064 1549 1145 1617 Quos

320 1636 434 1693 PUEltI
452 1635 624 1694 OBLONGO
644 1635 776 1694 CAPI'I'E
796 1637 1029 1696 NASOUNTUR.

264 1760 423 1849 Homines
450 1785 520 1829 esse
548 1763 704 1848 quosdam
730 1766 767 1830 in
793 1763 926 1850 Scythia
955 1765 1145 1832 tradidenmt

199 1871 238 1917 ex
265 1851 407 1936 antiquis
434 1852 597 1937 nonnulli,
625 1853 680 1939 qui
706 1874 808 1920 unum
833 1857 963 1919 tantum
989 1855 1026 1918 in
1052 1854 1143 1920 media

198 1940 306 2006 fronte
320 1941 448 2006 oculum
460 1940 626 2006 haberent
670 1941 852 2024 Arimaszn'e
864 1963 985 2008 nomen
998 1945 1058 2028 est,
1076 1963 1143 2028 quos

199 2032 232 2093 et
253 2027 463 2116 Aeschylus²)
491 2049 530 2094 ex
552 2050 590 2094 eo
613 2031 770 2114 μονῶπας
795 2034 899 2096 vocat
943 2030 1058 2115 Ipsum
1079 2052 1143 2116 quo·

199 2137 261 2202 que
275 2115 521 2202 Arimasporum
534 2139 654 2184 nomen
677 2139 716 2184 ex
737 2139 773 2204 re
786 2119 851 2184 illia
868 2119 1008 2185 inditum
1030 2124 1142 2205 putant.

199 2203 348 2290 Scythica
371 2207 458 2271 enim
484 2207 597 2292 lingua
623 2207 675 2272 uri
696 2229 798 2274 unum
821 2229 904 2294 esse,
930 2229 1064 2292 mucpoa
1083 2230 1142 2274 ocu·

198 2294 274 2358 lum.
320 2291 383 2359 Sed
406 2295 522 2379 quibua
545 2316 639 2361 curae
667 2295 730 2360 fuit
760 2297 929 2363 veritatem
955 2319 1065 2363 rerum
1086 2297 1142 2362 dili-

198 2381 327 2464 gentius
349 2381 517 2468 indagare,
543 2405 615 2449 eam
642 2387 773 2470 gentem
795 2405 871 2451 arcu
893 2389 927 2451 et
953 2385 1081 2472 sagittis
1101 2407 1142 2450 er·

199 2470 346 2534 calluisse
360 2476 554 2557 memorant,
573 2493 653 2557 quas
668 2494 741 2538 oum
759 2473 935 2559 dirigerent
948 2477 1142 2560 alterumque,

197 2560 236 2622 ut
262 2557 313 2642 fit,
340 2559 467 2624 oculum
494 2560 680 2626 clauderent
706 2561 894 2647 adsiduique
915 2563 952 2628 in
983 2585 1022 2629 eo
1050 2562 1141 2629 studio

199 2650 316 2732 essent,
339 2647 416 2713 dicti
439 2653 516 2715 sunt
537 2671 602 2715 uno
624 2652 754 2714 tantum
777 2651 869 2716 oculo
892 2652 950 2717 uti.
995 2651 1141 2718 Fortassis

199 2735 311 2821 etiam,
339 2737 425 2821 qnod
452 2739 482 2802 ei
509 2739 557 2802 rei
584 2759 604 2802 a
630 2739 738 2822 pueris
765 2739 993 2826 adsuefierent‚
1025 2741 1140 2806 alterius

198 2826 283 2890 oculi
320 2825 395 2890 orbe
412 2827 520 2892 'erant
551 2828 775 2914 contractiore,
806 2850 961 2914 versaque
989 2829 1141 2914 paulatim,

198 2916 235 2978 ut
258 2935 353 2999 saepe
380 2915 507 3000 oceidit,
534 2915 570 2980 in
596 2920 747 2982 naturam
773 2918 1005 2984 consuetudine
1027 2921 1140 3002 patrum

198 3002 320 3069 similes
342 3002 400 3067 filii
420 3003 643 3089 nascebantur,
667 3027 812 3092 quaeque
829 3006 864 3071 in
885 3006 1033 3091 patribus
1050 3005 1139 3072 defor-

198 3091 294 3155 mitas
321 3113 361 3156 ex
388 3093 552 3158 oculorum
578 3093 808 3178 inaequalitate
835 3093 1006 3179 ἐπίκτητος
1036 3098 1067 3161 et
1094 3091 1139 3158 ad·

197 3178 350 3262 ¹santicio,
378 3181 489 3247 eadem
515 3183 552 3248 in
577 3180 652 3246 filiis
680 3183 794 3248 innata
822 3185 918 3268 atque
946 3183 1044 3250 insita
1072 3185 1138 3246 erat.

197 3261 250 3329 Ita
264 3269 348 3330 certe
362 3266 401 3332 de
416 3270 606 3352 quibusdam
620 3269 656 3338 in
668 3269 749 3338 Asia
769 3273 899 3359 populis
913 3273 1021 3360 gravis
1034 3274 1138 3352 auctor,

271 3473 290 3540 ¹)
309 3473 366 3528 Vit.
386 3475 491 3544 Poplic.
511 3494 534 3532 c.
555 3487 596 3537 15.

271 3541 400 3610 ²)Pr0m.
420 3551 480 3600 sio.
