2330 3944
155 196 220 262 126
520 195 656 252 ORATIO
676 195 749 250 XIII.

153 365 226 408 rum
247 342 446 422 laudatores,
476 340 531 406 sed
555 341 678 406 strenui
701 339 809 426 potius
832 340 1025 426 imitatores,
1047 363 1112 408 non

154 436 222 496 tam
255 431 295 495 ad
327 431 493 515 praeclara
530 430 637 494 studia
669 429 861 494 cohortandi
893 431 984 512 estis,
1018 451 1112 514 quam

154 521 299 621 exemplo
322 522 429 584 vestro
454 519 592 584 excitare
614 518 678 602 ipsi
700 518 781 584 alios
805 539 843 584 ao
871 518 1036 622 cohortari
1048 541 1111 616 'po-

152 613 333 780 testistaque
356 718 415 782 pro
439 699 526 762 certo
549 695 668 776 habco,
694 699 801 774 totum
827 697 860 760 id
883 701 1028 781 ternpus,
1050 719 1111 782 quo

45 777 49 784 ⁴
152 786 324 853 nobishoc
339 807 397 870 per
411 787 532 851 calores
547 785 718 850 convenire
728 805 797 850 non
809 785 909 866 licuit,
923 806 991 850 non
1003 789 1113 850 tamen

154 897 173 940 a
195 875 287 940 vobis
310 875 460 960 languori
484 895 522 938 ac
544 873 684 940 desidiae
708 873 834 959 datum,
857 874 926 957 sed,
955 878 1112 958 quatenus

152 964 257 1044 licuit,
276 985 386 1028 earum
404 964 548 1047 ipsarum
567 963 697 1046 artium,
716 985 852 1046 quarum
871 985 980 1028 amore
997 961 1064 1048 flag
1082 986 1112 1026 a·

152 1054 209 1134 tis,
231 1051 397 1115 umbratili
419 1073 461 1115 ac
479 1052 656 1116 domestica
674 1051 902 1116 exercitatione
920 1051 1112 1117 traductum.

154 1138 206 1205 Sic
243 1141 417 1224 agricolae,
453 1140 510 1205 ubi
540 1144 750 1225 tempestates
782 1141 886 1205 malae
918 1143 1008 1226 sunt,
1040 1161 1112 1205 cum

154 1249 235 1313 opus
258 1228 329 1294 fieri
351 1251 419 1296 non
441 1233 563 1314 potest,
587 1230 646 1296 sub
669 1233 756 1294 tecto
777 1233 888 1294 tamen
907 1229 993 1314 quod
1012 1233 1113 1316 agant

152 1317 331 1402 reperiunt,
368 1339 405 1383 ac
441 1339 482 1382 ne
519 1319 607 1402 ipsos
645 1318 773 1402 quidem
809 1318 911 1383 festos
946 1318 1013 1382 dies
1050 1319 1112 1383 sibi

152 1429 286 1492 prorsus
309 1407 440 1473 inutiles
464 1407 594 1472 effluere
617 1407 794 1493 patiuntur.
827 1405 880 1471 Sic
902 1407 1033 1492 milites,
1055 1408 1113 1472 ubi

153 1517 208 1561 eos
230 1496 370 1562 horrifer
393 1497 552 1581 aquilonis
576 1496 694 1561 stridor
716 1495 751 1560 in
773 1495 910 1560 hiberna
929 1496 1112 1580 compulsos

153 1585 277 1649 bellicis
314 1586 501 1649 muneribus
539 1585 698 1668 avocavit,
736 1584 878 1668 quotidie
913 1587 1024 1650 tamen
1055 1590 1113 1650 aut

153 1694 249 1737 cursu
272 1676 329 1737 aut
352 1674 436 1736 saltu
460 1677 516 1736 aut
534 1673 575 1736 ad
598 1675 708 1756 palum
727 1677 927 1757 exercentur,
950 1677 1006 1738 aut
1026 1673 1112 1738 fictis

152 1762 238 1826 inter
261 1782 294 1824 se
321 1761 516 1844 praeliorum
542 1761 739 1846 imaginibus
768 1762 933 1844 dimicant,
961 1765 1018 1828 aut
1044 1765 1112 1848 gla-

153 1849 224 1914 dios
251 1853 384 1930 acuunt,
418 1853 474 1914 aut
501 1871 591 1914 arma
622 1843 776 1934 poliunt,'
795 1873 876 1936 quae
908 1851 1050 1935 denique
1078 1854 1113 1916 in

152 1938 237 2004 bello
261 1939 334 2004 usui
357 1937 467 2003 sutura
490 1942 580 2022 sunt,
604 1961 642 2004 ea
665 1940 774 2004 omnia
796 1940 831 2004 in
853 1961 932 2024 pace
954 1941 1112 2005 meditan-

151 2031 213 2092 tur.
255 2026 348 2104 Quod
376 2049 436 2114 ego
464 2031 502 2092 ut
528 2027 608 2092 mihi
636 2027 675 2092 de
702 2028 794 2092 vobis
826 2029 971 2112 polliceri
999 2030 1113 2115 audac,

139 2117 199 2181 'ita
221 2117 314 2182 vobis
343 2117 456 2181 deme
484 2117 581 2200 plano
605 2115 795 2182 confirmare
819 2138 961 2200 possum.
996 2116 1112 2202 Neque

153 2205 239 2269 enim
262 2206 342 2269 mihi
365 2205 472 2268 minus
497 2205 602 2270 otiosa
624 2206 691 2270 ulla
713 2227 789 2289 pars
813 2207 892 2270 anni
914 2207 990 2288 fult,
1013 2229 1113 2292 quam

153 2313 234 2376 quae
262 2291 303 2356 ad
331 2292 471 2375 quietem
499 2313 652 2358 concessa
678 2293 856 2359 videbatur.
893 2293 1003 2360 Libuit
1030 2297 1113 2360 mihi

129 2453 132 2459 ,
151 2381 287 2445 istorum
311 2382 482 2465 potentum
505 2381 769 2448 consuetudinem
787 2383 907 2448 imitari
926 2387 959 2448 et
975 2388 1113 2469 tentare,

151 2490 244 2554 num,
277 2490 356 2553 quas
389 2469 453 2534 illis
486 2473 617 2536 aestatis
644 2476 789 2554 tempore
816 2473 998 2556 voluptates
1033 2473 1113 2539 divi-

151 2557 272 2621 tiarum
300 2579 431 2622 suarum
458 2561 648 2644 magnitudo
680 2564 838 2645 praestat,
870 2561 998 2626 easdem
1031 2562 1114 2627 mihi

150 2645 186 2709 in
213 2667 248 2710 re
275 2650 367 2710 curta
394 2667 432 2711 ac
458 2649 549 2712 tenui
577 2649 684 2712 studia
710 2671 782 2714 mea
809 2651 1015 2734 suppeditare
1037 2673 1113 2736 pos·

152 2738 232 2798 sent.
273 2732 379 2820 Igitur
410 2740 447 2800 ut
478 2735 526 2800 iIIi
558 2758 595 2800 ea
625 2741 818 2822 tempestate
850 2739 929 2804 anni
959 2745 1114 2806 montosa

151 2824 184 2886 et
216 2822 331 2888 altiora
363 2825 434 2889 loca
466 2827 498 2888 et
531 2826 671 2890 saltuum
698 2848 735 2892 ac
767 2849 936 2894 nemorum
969 2829 1114 2913 opacita-

150 2913 217 2976 tem
257 2915 498 2997 consectantur,
539 2913 585 2978 sic
621 2918 654 2978 et
690 2937 750 3000 ego
786 2916 975 2984 Heliconios
1013 2918 1113 2990 colles

151 3005 184 3065 et
220 3002 292 3067 avia
328 3001 491 3068 Pieridum
526 3003 599 3068 loca
634 3025 811 3090 peragrans
849 3011 974 3073 aestum
1010 3007 1113 3070 ambi-

149 3089 249 3154 tionis
286 3091 502 3175 avaritiaeque
538 3092 689 3156 vitabam.
730 3091 778 3158 Ut
812 3095 860 3159 illi
897 3095 937 3158 ad
968 3095 1113 3160 fontium

151 3181 208 3238 aut
243 3177 413 3244 fluminum
451 3181 558 3266 capita
597 3182 690 3246 strati
727 3184 875 3248 cantibus
913 3184 1113 3248 avicularum

151 3263 295 3329 animum
328 3268 505 3351 oblectant,
539 3269 584 3334 sic
617 3274 650 3334 et
681 3289 741 3356 ego
771 3271 811 3352 ad
838 3272 912 3337 illos
941 3293 1050 3338 sacros
1081 3277 1114 3337 et

150 3353 248 3438 vulgo
281 3353 413 3439 ignotos
444 3357 566 3441 fontes,
599 3379 637 3422 ex
669 3359 786 3444 quibus
814 3361 919 3426 omnis
948 3362 1113 3446 elegantia

151 3443 319 3526 omnisque
359 3443 545 3509 humanitas
586 3447 621 3512 in
657 3449 758 3512 vitam
798 3449 967 3513 hominum
1007 3449 1112 3532 fluxit,

149 3531 289 3594 molliter
312 3532 510 3617 compositus
539 3554 577 3598 ex
599 3535 655 3600 iIIo
679 3536 841 3602 ambrosio
863 3541 1008 3602 veterum
1034 3543 1111 3622 pod-
