2330 3944
372 189 509 246 ORATIO
528 189 601 246 XVI.
902 190 966 256 153

29 355 70 397 rrre
103 355 240 418 unquam
277 334 420 418 audient,
456 335 587 400 brevem
623 355 748 420 semper
784 335 883 402 fuisse
914 355 966 400 me

31 422 151 486 doleant.
205 421 331 498 Quanto
379 423 508 488 suavius
550 426 612 508 cst,
657 425 811 489 abeuntes
853 423 967 508 dicere,

28 531 73 574 ,eur
103 510 149 574 llic
185 515 248 576 tom
284 513 343 577 ca'to
382 511 493 578 decrit?
535 533 632 595 quam
668 513 755 578 abire
792 512 967 598 cupientes,

31 600 134 679 erardo
174 601 296 665 leudem
334 599 384 664 bic
428 599 564 666 aestuet?
614 598 724 666 Nimio
766 601 867 666 satius
909 604 967 684 est,

32 687 100 840 3ιῖἑί
119 708 200 840 (leiim
237 689 324 754 farne
359 689 525 773 relinquit,
562 709 660 773 quam
696 689 782 774 quod
818 689 967 756 satietate

49 797 68 838 rs
97 796 118 839 ιι
166 825 173 841 .

410 954 569 964 -.---.--

144 1169 335 1242 succurra
366 1169 411 1230 ur
432 1168 570 1231 nonan
593 1169 841 1234 rncunmso

313 1321 524 1407 ORATIO
555 1323 669 1408 XVI.

101 1498 219 1542 HABITA
237 1501 343 1544 Bonan
362 1503 465 1545 PRIDIE
483 1503 551 1546 NON.
570 1501 723 1546 NOVEMBR.
741 1501 881 1544 MDLXXX.

84 1659 139 1736 Qui
167 1683 221 1728 me
249 1681 268 1728 a
295 1662 399 1730 Taciti
429 1664 696 1749 interpretatione
728 1662 886 1730 deterrere
918 1681 970 1727 cu·

35 1749 157 1835 piabant,
196 1743 338 1836 quinque
372 1754 556 1838 praecipue,
592 1775 674 1837 quae
706 1751 755 1818 illi
787 1752 972 1835 obiicerent,

36 1841 227 1921 reperiebant.
265 1840 409 1908 Primum
441 1842 526 1927 quod
552 1842 682 1908 illorum
713 1844 897 1925 temporum
923 1839 971 1903 hi-

38 1928 145 1993 storiam
170 1930 400 2015 contexuisset,
424 1931 540 2016 quibus
562 1933 655 1996 vetus
681 1929 739 1994 illa
761 1927 792 1994 S.
814 1928 849 1993 P.
873 1927 910 2003 Q.
932 1926 971 1990 R.

38 2018 165 2083 maiestas
186 2022 219 2082 et
238 2019 414 2102 amplitudo
434 2019 630 2104 conciderat,
653 2019 769 2102 quibus
791 2017 839 2080 illi
862 2015 972 2100 paullo

41 2107 95 2169 ante
128 2111 290 2172 terrarum
332 2108 455 2173 domini
491 2108 697 2174 acerbissimo
733 2105 973 2170 teterrimorum

38 2196 229 2275 tyrannorum
266 2196 433 2262 dominatu
469 2197 613 2281 oppressi
649 2195 853 2260 tenebantur.
895 2190 988 2257 Non'

39 2281 86 2346 iarn
105 2285 243 2369 amplius
266 2282 432 2370 Camillos,
455 2283 582 2369 Curios,
603 2283 783 2368 Fabricios,
805 2281 974 2366 Maximos,

39 2368 157 2457 LaelioS,
181 2371 360 2458 Scipiones,
383 2375 509 2458 aliaque
528 2375 697 2457 virtutum,
719 2393 787 2437 non
804 2371 974 2436 hominum

40 2462 149 2526 nonina
171 2462 208 2526 in
230 2461 366 2528 historia
387 2467 551 2547 repertum
573 2462 627 2547 iri,
649 2461 706 2528 sed
727 2460 919 2546 degenerem
942 2462 975 2522 et

41 2548 153 2614 oblitum
180 2550 309 2616 virtutis
338 2551 441 2616 avitae
468 2551 638 2635 populum,
665 2549 721 2615 sed
754 2551 902 2614 senatum
934 2545 975 2611 ad

41 2639 165 2704 servilem
193 2638 412 2705 adulationem
439 2640 630 2723 proiectum,
658 2637 713 2702 sed
740 2637 908 2722 proposita
929 2635 975 2699 vi·

42 2725 92 2810 tiis,
115 2748 196 2812 quae
224 2727 387 2810 quondam
417 2728 590 2794 virtutibus
619 2725 858 2809 deferebantur,
884 2744 975 2807 prae·

41 2815 101 2898 nia,
124 2817 178 2880 sed
206 2816 302 2882 unius
329 2816 447 2900 impuri
473 2816 614 2881 hominis
640 2815 807 2879 libidinem
834 2813 977 2877 extincta

42 2901 127 2986 legum
149 2905 343 2970 auctoritate
357 2905 586 2970 dominantem.
614 2903 735 2979 Quodsi
757 2923 831 2966 vere
854 2901 977 2965 dictum

43 2995 146 3058 esseda
169 2994 303 3058 summis
326 2993 541 3078 philosophis,
568 2993 750 3077 principum
773 3009 878 3052 mores
906 3007 976 3054 esse

44 3083 185 3160 speculum
227 3082 381 3167 civitatis,
422 3085 623 3165 ceteramque
659 3077 899 3144 multitudinem
935 3075 977 3142 ad

42 3166 248 3251 imperantium
271 3171 417 3255 exempla
440 3170 603 3256 componi:
627 3189 722 3252 quem
740 3165 852 3231 virtuti
869 3165 978 3232 locum

45 3275 97 3320 esse
115 3259 256 3342 potuisse
278 3259 315 3324 in
338 3277 376 3324 ea
397 3259 490 3342 urbe,
512 3259 547 3323 in
571 3278 635 3342 qua
652 3278 720 3322 non
737 3255 899 3341 homines,
922 3254 979 3319 sed

44 3351 166 3412 monstra
192 3369 231 3412 ex
259 3347 348 3412 omni
373 3347 526 3412 vitiorum
547 3346 616 3411 fece
639 3366 677 3410 ac
700 3344 880 3410 colluvione
903 3365 978 3408 con·

45 3437 113 3498 oreta
136 3435 332 3521 regnarent?
372 3435 489 3500 Melius
516 3438 625 3518 itaque
659 3433 882 3498 consulturum
909 3451 978 3495 esse

45 3538 83 3584 Ine
114 3525 224 3590 studiis
259 3524 389 3610 restria,
426 3523 555 3609 quando
592 3523 774 3588 Romanam
808 3519 979 3584 historiam
