2326 3942
160 147 228 212 200
512 145 722 202 PRAEFATIO
741 146 764 201 Ι.

158 291 293 357 dicendo
321 290 539 376 suavitatem)
566 312 634 356 non
660 291 755 374 prius
779 290 917 376 destitit,
947 314 1044 378 quam
1071 314 1116 356 me

157 381 288 464 impulit
319 381 468 465 denique,
500 381 562 444 sibi
588 384 625 443 ut
651 380 840 463 reciperem,
873 402 926 444 me
957 381 991 445 id
1018 383 1117 465 primo

159 489 287 554 quoque
317 471 462 554 tempore
494 490 563 532 esse
595 469 765 534 facturum.
816 467 931 554 Neque
964 491 1040 534 vero
1070 470 1117 534 diu

158 559 255 622 fidem
276 579 382 622 meam
403 559 538 623 liberare
562 557 686 642 distuli3
709 561 747 621 ut
769 558 826 642 qui
847 558 934 623 inter
951 559 1059 622 varias
1074 579 1118 622 oc·

160 647 364 730 eupationes‚
386 646 494 712 homor
507 646 627 731 alioqui
649 646 771 710 laboris
793 668 862 710 non
884 647 1024 711 nimium
1046 648 1118 710 tole-

159 756 250 819 rans,
272 736 334 800 hoe
353 738 477 818 tamen,
500 733 655 820 quidquid
679 737 741 818 est,
763 731 1048 822 triumlmensium
1069 736 1118 800 ali·

161 827 284 910 quanto
307 825 406 890 etiam
428 825 551 890 minore
575 823 680 906 spatio
705 824 910 889 absolverim.

227 911 323 978 Nunc
336 914 431 978 hasce
445 913 571 998 vigilias
585 933 690 995 meas,
712 911 913 977 Bernardine
926 911 1120 995 Lauredane,

160 1003 282 1066 multae
306 1005 383 1066 sunt
404 1023 531 1085 causae,
554 1001 764 1085 quamobrem
787 1001 848 1064 tibi
872 1001 996 1067 dicatas
1020 1003 1124 1066 velim:

160 1088 266 1154 Natus
294 1111 328 1154 es
356 1111 395 1154 ex
422 1091 529 1174 ampla
556 1111 629 1154 cum
656 1089 769 1173 primis
797 1093 831 1153 et
856 1091 960 1155 nobili
992 1090 1121 1173 familie,

161 1180 255 1242 etex
282 1199 346 1262 qua
373 1200 411 1242 ea
433 1177 576 1243 Venetae
604 1179 743 1243 civitatis
770 1179 896 1242 lumina
922 1180 1120 1262 exstiterrmt

161 1287 298 1351 quorum
325 1267 504 1332 claritatem
530 1268 620 1332 nulla
645 1288 789 1351 unquam
818 1268 1046 1333 inobscurabit
1072 1270 1121 1333 ob-

160 1355 247 1422 livio.
291 1355 462 1422 Praeterea
484 1360 534 1420 est
559 1357 621 1421 hoc
644 1357 754 1440 generi
775 1360 884 1421 vestro
913 1379 1018 1442 prope
1046 1359 1121 1423 fata-

160 1443 236 1509 liter
263 1445 387 1530 datum,
419 1449 455 1510 ut
482 1446 595 1509 ametis
622 1445 746 1509 litteras
773 1445 986 1531 hominesque
1017 1468 1121 1511 eamn
1157 1475 1158 1518 1

162 1533 297 1596 seientia
319 1535 462 1598 excultos
485 1534 685 1618 benignitate
708 1537 815 1598 vestra
836 1535 1120 1618 comprehendatis.
1157 1567 1158 1606 1

160 1619 239 1684 Non
260 1623 357 1706 longe
381 1622 567 1686 abierimus:
594 1626 687 1706 pater
708 1622 777 1705 ipse
800 1626 889 1706 tuus,
911 1624 974 1708 vir,
997 1627 1039 1688 ut
1061 1647 1121 1689 om·
1157 1619 1158 1694 Ξ

161 1728 221 1772 nes
247 1714 381 1794 norunt,
414 1711 502 1774 omni
528 1711 676 1795 egregiae
702 1711 831 1776 virtutis
860 1712 955 1776 laude
983 1715 1120 1778 cumula·
1157 1765 1158 1794 q

160 1796 320 1882 tissimus,
347 1799 395 1864 ita
421 1799 600 1862 litterarum
623 1821 732 1864 amore
754 1801 905 1866 incensus
928 1803 990 1886 est,
1020 1805 1059 1866 ut
1080 1823 1124 1884 ea·
1157 1835 1158 1896 q

163 1907 228 1971 que
254 1888 373 1974 ubique
404 1888 577 1972 plurimum
604 1889 703 1972 valet,
735 1889 926 1954 auctoritate
954 1893 988 1954 et
1020 1891 1122 1976 gratia
1157 1899 1158 1910 ¹

161 1997 376 2063 permagnum
400 1977 593 2062 optimorum
616 1977 785 2060 librorum,
815 1979 982 2062 signorum
1005 1981 1122 2044 nomis-

162 2069 350 2152 matumque
373 2069 529 2150 veterum,
556 2069 796 2150 ceterorumque
824 2067 1030 2152 antiquitatis
1058 2091 1121 2133 mo-

162 2159 391 2221 numentorum
413 2155 539 2237 copiam
561 2176 600 2220 ex
622 2155 771 2220 universa
792 2154 926 2239 Europa
948 2157 1122 2243 diligentis-

164 2243 244 2306 sime
258 2243 430 2328 collegerit.
457 2243 570 2327 Itaque
583 2247 621 2308 ut
635 2247 772 2329 augusta
786 2245 943 2330 quaedam
957 2244 1120 2310 Musarum

165 2330 273 2416 aedes,
295 2332 342 2395 ita
365 2332 479 2397 domus
501 2335 609 2397 vestra
631 2331 777 2397 Venetiis
800 2333 842 2396 ab
865 2333 997 2398 eruditis
1021 2335 1122 2400 homi-

163 2419 260 2484 nibus
282 2419 512 2505 frequentetur.
548 2419 639 2486 Haec
653 2443 726 2486 eum
744 2441 865 2506 magna
888 2422 966 2505 sint,
988 2426 1026 2486 ut
1039 2427 1122 2492 certe

165 2512 254 2592 sunt,
276 2511 387 2574 tamen
401 2531 440 2574 ex
457 2513 490 2573 te
512 2510 584 2594 ipso
598 2513 736 2594 possunt
757 2510 1005 2575 innumerabilia
1019 2513 1122 2598 magis

163 2597 296 2682 propria
326 2601 401 2664 tuae
433 2599 536 2663 laudis
565 2602 756 2684 argumenta
788 2599 926 2664 desumi:
957 2600 1122 2686 ingenium

165 2687 336 2771 excellens,
368 2709 439 2752 acre
467 2709 504 2752 ao
535 2688 732 2752 indefessum
763 2687 945 2753 litterarum
975 2689 1122 2770 studium,

164 2777 359 2860 optimarum
383 2776 500 2842 artium
518 2776 660 2862 cognitio
682 2780 788 2860 tanta,
812 2781 967 2861 quantam
993 2781 1030 2842 tu
1051 2799 1122 2843 curn

163 2865 275 2951 paucis
299 2865 370 2930 aliis
392 2866 427 2930 in
449 2865 546 2930 istam
560 2865 675 2930 aetatis
689 2865 885 2930 viriditatem
899 2866 1010 2930 eadere
1028 2887 1122 2950 posse

154 2955 317 3040 ‘docuisti3
345 2958 428 3038 tum,
456 2954 542 3039 quod
568 2955 775 3039 praecipuum
798 2956 860 3038 est,
885 2955 933 3018 ita
954 2954 1122 3039 compositi

163 3065 283 3128 mores,
305 3048 342 3109 ut
363 3044 512 3109 iuventus
535 3046 592 3108 tua
614 3045 789 3108 multorum
808 3044 966 3108 senectuti
980 3043 1122 3126 exemplo

164 3151 235 3196 esse
263 3134 375 3214 possit.
424 3131 486 3196 Vel
518 3131 569 3196 his
597 3133 814 3218 superioribus
841 3133 1021 3216 mensibus,
1051 3153 1121 3195 eum

165 3219 208 3285 ad
234 3218 278 3282 M.
302 3220 438 3284 Antonii
460 3221 635 3306 Trivisani‚
661 3221 816 3305 principis
840 3222 968 3305 optimi,
995 3219 1121 3306 propin-

165 3305 223 3391 qui
244 3307 305 3388 tui,
332 3308 512 3370 luctuosam
541 3309 636 3374 bonis
659 3309 809 3374 omnibus
836 3314 973 3374 mortem
999 3308 1121 3374 funebri

163 3393 349 3459 laudatione
371 3393 607 3458 honestandam
628 3419 712 3462 unus
735 3419 774 3462 ex
797 3397 885 3463 omni
903 3397 1045 3463 Venetae
1065 3417 1121 3460 no-

164 3481 302 3546 bilitatis
329 3481 406 3544 flore
435 3481 576 3546 delectus
600 3504 648 3548 es:
677 3489 812 3571 quanta,
840 3486 935 3551 deum
962 3487 1121 3551 immorta-
