2330 3944
393 185 530 243 ORATIO
548 186 622 242 VIII.
945 185 986 250 79

43 331 80 394 hil
100 335 232 416 agentes
255 332 354 415 ferat,
381 332 460 395 dant
484 353 517 396 se
541 331 582 395 ad
605 334 707 396 artem
730 332 872 415 aliquam
893 331 985 396 facti-

43 419 173 503 tandam3
202 421 275 505 alii,
302 420 357 503 qui
384 421 555 485 excelsiore
579 424 655 484 sunt
678 420 799 504 animo,
823 441 987 486 armorum

44 508 257 573 tractationem
276 511 308 572 et
326 507 474 572 militaris
492 509 538 572 rei
557 509 694 594 gloriam
712 509 773 572 sibi
786 513 986 593 proponunt3

44 597 87 660 alii
107 596 245 680 denique
268 597 412 660 animum
434 595 476 660 ad
498 597 623 660 litteras
646 601 679 661 et
702 597 742 660 ad
764 597 844 662 haec
857 598 988 662 mitiora

44 685 135 750 audis
156 685 337 769 appellunt.
378 682 462 760 Quid
487 685 587 770 igitur
609 685 680 749 istis
703 685 829 768 turpius
853 689 909 750 aut
932 685 986 749 ab·

42 773 154 857 lectius,
184 773 241 857 qui
271 777 435 856 torporem
462 793 500 838 ac
523 772 677 838 desidiam
704 774 856 858 amplexi,
886 774 987 837 vitam

43 861 107 926 luxu
133 865 232 944 atque
260 861 378 926 inertia
403 862 603 946 transigunt,
634 862 717 926 nihil
744 866 892 946 agentes,
923 883 986 946 qno

43 971 70 1012 se
95 950 243 1014 homines
275 971 344 1014 esse
371 950 553 1015 testentur?
584 950 652 1036 qui,
683 953 721 1016 ut
751 949 913 1016 Phaeaces
939 949 988 1013 illi

42 1036 246 1125 Homerici*):
612 1053 613 1060 ’

70 1156 130 1214 Noa
142 1160 251 1228 papate
268 1161 374 1215 daura
393 1165 515 1215 exerceat
532 1161 651 1216 membra
663 1163 820 1230 palaestra,

71 1229 118 1285 Sed
133 1246 256 1285 meream
273 1237 300 1286 et
317 1232 440 1286 citharae
458 1233 602 1302 strepitum
619 1233 760 1302 dulcesque
779 1233 900 1299 choreae,

72 1300 249 1372 Saaaataqae
267 1307 292 1356 et
309 1303 402 1358 molles
421 1308 521 1358 carrara
533 1307 598 1372 post
616 1304 713 1358 balaeo
731 1305 823 1358 lectos:

44 1425 192 1513 Margitae
215 1428 301 1493 illius
325 1428 491 1514 simillimi,
514 1428 553 1493 de
577 1451 640 1512 quo
663 1427 749 1494 idem
770 1425 944 1492 Homerus:

137 1549 206 1603 Noa
222 1549 314 1616 fodere
331 1551 378 1606 alle
396 1549 497 1615 boras,
515 1548 625 1604 daura
643 1549 779 1618 lipoaibas
797 1564 866 1604 arra

140 1619 263 1687 Vertere,
280 1636 338 1676 aaa
355 1619 408 1674 alli
425 1620 532 1675 atrebat
549 1621 663 1674 idoneas
681 1621 745 1674 arti.

99 1744 148 1810 Sic
171 1746 310 1810 enimet
331 1745 367 1809 hi
389 1767 493 1830 neque
516 1746 617 1830 domi,
640 1767 743 1830 neque
762 1745 909 1830 militiae,
932 1765 987 1809 ne-

46 1853 95 1914 que
111 1835 277 1918 privatim,
295 1854 399 1918 neque
418 1835 558 1919 publice,
577 1855 681 1918 neque
700 1834 774 1918 sibi,
792 1855 896 1917 neque
916 1832 987 1896 aliis
1022 1846 1025 1850 ·

45 1922 138 2007 utiles,
174 1923 223 1986 ita
254 1923 340 1986 vitae
373 1923 565 1988 curriculum
597 1923 785 2007 conficiunt,
820 1926 857 1985 ut
888 1921 988 1985 veluti

46 2030 129 2075 naues
148 2012 278 2077 nullum
302 2011 352 2076 sui
374 2013 546 2096 vestigium
568 2012 762 2094 relinquant.
812 2009 874 2085 Qui
899 2007 989 2093 mihi,

47 2097 69 2160 si
83 2097 147 2164 Diis
167 2101 291 2184 placet,
314 2100 400 2184 quod
421 2101 505 2164 nihil
528 2105 641 2186 agant,
665 2099 756 2183 quasi
778 2117 846 2162 non
868 2098 988 2182 pudere

46 2207 143 2267 parurn
174 2189 231 2272 sit,
269 2189 366 2254 etiam
402 2189 591 2274 gloriantur.
636 2187 715 2272 Alii,
751 2186 916 2270 inquiunt,
953 2185 989 2250 in

48 2296 126 2358 opere
148 2278 300 2361 occupati
321 2277 400 2342 sinte
423 2277 518 2342 nobis
536 2278 695 2342 maiorum
717 2279 903 2340 nostrorum
925 2275 987 2339 vir-

46 2365 101 2428 tute
127 2370 190 2450 est,
222 2365 309 2430 unde
336 2366 433 2431 otiosi
463 2367 551 2430 laute
579 2364 807 2450 splendideque
833 2365 988 2429 vivamus.

47 2449 114 2525 Quid
131 2455 271 2518 maiores
290 2457 414 2519 vestros
435 2453 633 2520 nominatis?
657 2453 712 2536 qui
735 2453 879 2517 sivestri
903 2451 988 2516 simi·

45 2537 81 2604 les
108 2542 260 2627 fuissent,
286 2563 345 2607 vos
371 2543 467 2608 hodie
495 2543 530 2606 in
553 2542 723 2626 postremis
749 2541 905 2606 laceretis.
946 2538 989 2623 Si,

47 2631 141 2708 quales
167 2654 228 2696 vos
257 2631 349 2716 estis,
380 2633 462 2696 tales
488 2631 551 2716 ipsi
582 2631 727 2714 tuenmt,
758 2627 885 2714 indigni
912 2631 989 2692 sunt

47 2718 91 2796 qui
110 2721 334 2804 nominentur,
362 2719 413 2784 sin
436 2719 505 2803 alii,
527 2739 585 2784 vos
607 2717 746 2803 indigni,
775 2719 831 2801 qui
854 2737 908 2782 eos
931 2736 988 2780 no·

46 2805 169 2872 minatis.
197 2807 245 2872 At
257 2807 372 2891 videte,
387 2812 584 2892 quantopere
600 2829 619 2870 a
632 2806 860 2890 sapientissimi
874 2807 989 2889 poetae

44 2889 167 2959 Hesiodi
185 2896 306 2960 iudicio
324 2899 433 2960 vestra
450 2897 533 2960 ratio
552 2897 718 2979 discrepet.
754 2894 913 2959 Laborem
934 2892 989 2954 ille

46 2982 77 3042 et
87 2981 273 3048 industriam
290 2985 428 3067 nemini,
445 2986 636 3070 languorem
654 2987 688 3047 et
704 2983 869 3067 ignaviam
887 2979 989 3044 omni-

45 3065 101 3133 bus
117 3075 242 3156 turpem
256 3093 326 3140 esse
345 3071 579 3158 confirmat**).
606 3071 774 3136 Praeclare
793 3065 990 3155 Cicero***),

42 3155 124 3224 Mela
140 3163 273 3242 quiam,
295 3161 414 3246 iuquit,
435 3163 492 3244 quai
506 3161 588 3226 atad
609 3161 687 3244 aad,
709 3177 771 3224 esse
788 3159 912 3224 amatae
926 3177 990 3224 aaa

112 3317 134 3386 l¹)
153 3316 248 3386 Odyss.
267 3317 342 3372 vm.
361 3323 415 3374 246
434 3335 494 3388 sqq.

95 3384 133 3454 ’ἢ
149 3385 261 3442 Hesiod.
280 3385 303 3442 Ο
326 3429 332 3442 .
352 3389 381 3442 et
397 3383 431 3442 D.
451 3395 511 3441 311.

190 3456 271 3526 ἔργον
335 3453 422 3513 οὐδὲν
441 3453 550 3520 ὄνειδος
569 3451 668 3527 ἀεργίη
693 3455 725 3512 δέ
744 3450 766 3510 τ’
787 3451 904 3518 ὄνειδος.

82 3523 500 3596 wmmnnmm
