2328 3956
368 173 547 230 EPISTOLA
565 175 649 230 XLII.
940 171 983 236 55

43 322 93 384 hoe
113 341 239 386 secessu
262 323 443 405 occupatus,
462 340 558 404 quern
580 323 691 384 tamen
714 319 857 404 plerique
873 338 983 382 omnes

43 429 100 474 esse
128 409 260 493 plenum
288 408 346 474 olii
371 411 496 492 putans.
540 407 586 474 Et
613 408 755 494 quotidie
787 407 902 492 quinas
929 409 985 472 aul

44 519 122 562 senae
145 498 186 562 ab
209 497 321 564 amieis
344 497 468 565 lilleras
483 497 614 581 aeeipio,
636 497 677 564 ad
700 519 780 582 quas
803 497 831 562 si
853 515 984 579 respon·

44 587 103 650 dere
125 607 238 652 omnes
261 586 370 670 veliin,
391 586 440 652 nil
462 585 549 652 aliud
572 586 732 671 agendum
755 585 805 650 sil.
851 581 986 648 Gratum

44 679 83 738 est
102 673 194 758 mihi,
223 674 308 759 quod
335 674 518 759 applicuisii
540 677 573 740 le
596 675 638 742 ad
664 672 928 740 consuetudinem
949 669 985 735 P.

44 761 160 826 Aemilii
183 765 217 828 ei
239 761 368 830 Horatii
390 761 562 833 Maaarani.
598 762 721 828 Florum
743 761 831 826 enim
852 763 985 844 uterque

44 855 68 913 le
88 854 118 914 el
138 850 287 916 doctrina
309 855 342 916 el
364 853 510 938 exemplo
532 852 655 916 efficere
682 851 848 916 meliorem
869 851 985 932 polest.

45 937 123 1003 Tales
145 943 278 1004 sectere.
311 938 373 1016 Qui
396 945 503 1006 aulem
526 941 589 1004 alio
612 939 743 1024 ingenio
767 939 851 1022 sunt,
874 957 984 1001 eorum

44 1028 295 1104 consuetudinem
322 1030 415 1114 qussi
440 1031 564 1113 pestem
591 1028 731 1113 aliquam
757 1027 833 1092 rita.
876 1023 987 1090 Aetati

44 1119 104 1180 israe
129 1116 215 1184 nihil
242 1117 427 1202 diligendus
453 1117 686 1202 providendum
713 1119 775 1199 esa,
799 1135 895 1199 quem
918 1112 987 1197 qui·

44 1203 92 1268 bus
118 1204 345 1282 sodalilalibus
372 1209 471 1272 utare.
516 1204 629 1291 Neque
656 1225 717 1290 ego
745 1224 891 1270 serenum
918 1221 987 1265 esse

45 1295 129 1358 leae
155 1294 307 1359 tetricum
334 1294 485 1379 omnique
513 1293 624 1380 generi
648 1295 852 1376 voluplelrrm
881 1289 987 1354 inimi·

45 1401 104 1445 eum
125 1382 211 1446 volo.
255 1381 327 1448 Hoe
348 1386 476 1448 tantum
502 1404 632 1466 moneo,
658 1404 726 1447 non
748 1401 803 1446 eas
830 1377 987 1444 amicitias

46 1469 245 1554 quaerendas,
273 1489 354 1555 quae
377 1470 578 1536 dulcissimae
603 1470 786 1553 videantur,
813 1467 870 1532 sed
895 1466 988 1530 indu-

46 1558 169 1623 eendum
191 1557 345 1642 animum,
366 1561 415 1644 ul,
438 1581 519 1645 quae
531 1559 787 1626 'honestissimae
810 1558 898 1640 suni,
921 1575 989 1618 eas-

47 1646 106 1710 dem
133 1647 233 1712 eliam
260 1647 459 1714 dulcissimas
486 1669 555 1714 esse
584 1669 621 1714 aa
648 1645 854 1714 suavissimas
885 1645 989 1727 pules.

47 1733 83 1796 lli
112 1734 309 1821 Alexander,
341 1737 439 1800 eliam
470 1739 566 1822 alque
603 1736 701 1802 eliam
735 1735 814 1802 vale.
860 1731 988 1798 Tibure.

48 1839 71 1886 v.
90 1823 137 1890 Id.
158 1823 297 1910 Augure.
319 1842 449 1896 annu.

467 2016 560 2084 XLII

367 2138 485 2194 EIDEM
502 2135 659 2194 RIPARIO.

104 2264 247 2342 Remitto
266 2263 307 2330 ad
327 2267 360 2332 le
379 2286 490 2332 omnes
508 2261 741 2349 propemodum
762 2260 897 2342 litteras,
912 2277 992 2343 quas

51 2357 117 2420 ate
144 2354 267 2438 accepi,
296 2354 410 2422 leviter
440 2375 460 2418 a
486 2375 538 2421 rna
569 2351 764 2418 emendatas.
808 2347 904 2432 Vide,
937 2343 992 2410 ob·

51 2463 127 2508 secto
148 2445 192 2528 le,
214 2446 252 2518 ul
264 2443 399 2526 posthae
412 2445 446 2508 el
467 2441 594 2526 saepius
608 2443 641 2508 el
654 2438 839 2525 diligentius
862 2435 994 2502 scribas.

51 2528 105 2594 Vir
126 2531 212 2608 enirn
236 2531 355 2617 eredas,
377 2535 516 2617 quantae
538 2530 619 2597 mihi
640 2528 807 2596 molestiae
830 2527 896 2592 rint
917 2545 994 2609 pue·

52 2619 115 2684 riles
137 2620 267 2705 quidam
289 2641 421 2704 errores,
442 2621 478 2685 in
491 2640 572 2706 quor
593 2618 733 2684 innidere
754 2621 788 2682 le
810 2615 997 2700 frequenter

53 2707 141 2774 rideo.
185 2706 295 2774 Sicubi
321 2709 357 2774 in
379 2708 550 2793 generibus
577 2705 730 2792 loquendi
755 2704 864 2789 paullo
887 2702 994 2768 minus

54 2796 167 2872 usilalis
194 2797 344 2881 paullove
371 2796 608 2866 obseurioribus
634 2794 766 2878 laberis,
797 2813 864 2857 non
896 2790 995 2855 offen·

55 2884 115 2970 d013
146 2890 179 2950 al
211 2907 284 2962 eum
311 2886 357 2962 ita
383 2906 485 2970 erres,
510 2888 548 2950 ul
574 2884 679 2950 adhue
705 2883 810 2967 prima
836 2900 995 2966 gramme·

53 2973 177 3040 lidorum
199 2976 371 3059 praesepe
393 2974 542 3060 ignorare
564 2972 715 3056 videaris,
741 2970 902 3054 indignor.
946 2966 997 3034 Ae

57 3063 108 3127 seis
127 3063 209 3148 ipse,
236 3084 333 3148 quam
356 3083 452 3148 saepe
473 3063 535 3133 nbi
557 3062 599 3128 ob
627 3082 698 3128 eam
725 3079 872 3130 nauseam
893 3057 997 3124 iratus

57 3149 164 3218 firerinn
210 3149 314 3226 Quare
345 3155 379 3228 le
409 3151 564 3226 maiorem
594 3149 631 3216 in
662 3147 830 3224 seribendo
862 3145 997 3232 diligen·
1046 3147 1049 3152 ’

57 3238 123 3305 liam
144 3239 294 3309 adhibere
317 3262 377 3326 par
398 3243 492 3308 esset.
523 3237 636 3324 Neque
658 3259 734 3302 vero
756 3237 923 3302 raritatem
945 3236 997 3300 lit·

56 3329 182 3406 {erarem
207 3332 337 3405 laeum
364 3349 514 3402 excusare
540 3327 607 3392 ulle
638 3325 734 3392 mede
764 3328 866 3410 potes.
910 3321 998 3388 Nam

58 3436 125 3499 quae
145 3417 277 3496 tandem
295 3438 366 3493 esse
387 3419 526 3502 possunt
547 3419 605 3482 lua
625 3416 689 3480 isla
710 3413 863 3500 regalia?
889 3409 997 3495 Magis

57 3525 165 3593 vereor,
186 3527 229 3574 ne
250 3509 284 3571 le
306 3507 488 3591 voluptates
516 3503 706 3572 abstrahant
728 3506 761 3567 el
783 3524 803 3566 a
829 3499 998 3565 scribendo
