<?xml version="1.0" encoding="UTF-8"?>
<!DOCTYPE html PUBLIC "-//W3C//DTD XHTML 1.0 Transitional//EN"
    "http://www.w3.org/TR/xhtml1/DTD/xhtml1-transitional.dtd">
<html xmlns="http://www.w3.org/1999/xhtml" xml:lang="en" lang="en">
 <head>
  <title>
</title>
<meta http-equiv="Content-Type" content="text/html;charset=utf-8" />
  <meta name='ocr-system' content='tesseract 3.04.00' />
  <meta name='ocr-capabilities' content='ocr_page ocr_carea ocr_par ocr_line ocrx_word'/>
</head>
<body>
  <div class='ocr_page' id='page_1' title='image "./mantoniimuretis00freygoog_0105.png"; bbox 0 0 2330 3944; ppageno 0'>
   <div class='ocr_carea' id='block_1_1' title="bbox 175 179 756 282">
    <p class='ocr_par' dir='ltr' id='par_1_1' title="bbox 175 179 756 282">
     <span class='ocr_line' id='line_1_1' title="bbox 175 179 756 282; baseline -0.007 -13"><span class='ocrx_word' id='word_1_1' title='bbox 175 217 218 282; x_wconf 80' lang='lat'><strong>92</strong></span> <span class='ocrx_word' id='word_1_2' title='bbox 550 179 688 269; x_wconf 78' lang='lat' dir='ltr'><strong>calmo</strong></span> <span class='ocrx_word' id='word_1_3' title='bbox 707 212 756 267; x_wconf 82' lang='lat' dir='ltr'><strong>ix.</strong></span> 
     </span>
    </p>
   </div>
   <div class='ocr_carea' id='block_1_2' title="bbox 105 357 1152 3630">
    <p class='ocr_par' dir='ltr' id='par_1_2' title="bbox 105 357 1148 3630">
     <span class='ocr_line' id='line_1_2' title="bbox 175 357 1120 443; baseline -0.004 -16"><span class='ocrx_word' id='word_1_4' title='bbox 175 384 251 426; x_wconf 89' lang='lat' dir='ltr'><strong>nem</strong></span> <span class='ocrx_word' id='word_1_5' title='bbox 269 360 418 426; x_wconf 88' lang='lat' dir='ltr'><strong>omnibus</strong></span> <span class='ocrx_word' id='word_1_6' title='bbox 437 379 534 442; x_wconf 90' lang='lat' dir='ltr'><strong>quam</strong></span> <span class='ocrx_word' id='word_1_7' title='bbox 552 357 758 422; x_wconf 77' lang='lat' dir='ltr'><strong>notissimam</strong></span> <span class='ocrx_word' id='word_1_8' title='bbox 777 377 848 422; x_wconf 89' lang='lat' dir='ltr'><strong>esse</strong></span> <span class='ocrx_word' id='word_1_9' title='bbox 871 359 985 442; x_wconf 89' lang='lat' dir='ltr'><strong>cupio,</strong></span> <span class='ocrx_word' id='word_1_10' title='bbox 1008 379 1049 422; x_wconf 90' lang='lat' dir='ltr'><strong>ne</strong></span> <span class='ocrx_word' id='word_1_11' title='bbox 1069 361 1120 443; x_wconf 84' lang='lat' dir='ltr'><strong>quis</strong></span> 
     </span>
     <span class='ocr_line' id='line_1_3' title="bbox 177 444 1122 533; baseline -0.002 -18.959"><span class='ocrx_word' id='word_1_12' title='bbox 177 450 315 533; x_wconf 82' lang='lat' dir='ltr'><strong>cuipiam</strong></span> <span class='ocrx_word' id='word_1_13' title='bbox 347 451 457 532; x_wconf 87' lang='lat' dir='ltr'><strong>pateat</strong></span> <span class='ocrx_word' id='word_1_14' title='bbox 488 446 529 510; x_wconf 87' lang='lat' dir='ltr'><strong>ad</strong></span> <span class='ocrx_word' id='word_1_15' title='bbox 559 444 825 510; x_wconf 89' lang='lat' dir='ltr'><strong>calumniandum</strong></span> <span class='ocrx_word' id='word_1_16' title='bbox 856 444 959 510; x_wconf 85' lang='grc'><strong>18888.</strong></span> <span class='ocrx_word' id='word_1_17' title='bbox 1001 445 1122 512; x_wconf 86' lang='lat' dir='ltr'><strong>Primum</strong></span> 
     </span>
     <span class='ocr_line' id='line_1_4' title="bbox 177 528 1122 636; baseline -0.003 -35"><span class='ocrx_word' id='word_1_18' title='bbox 177 539 290 622; x_wconf 83' lang='lat' dir='ltr'><strong>igitur,</strong></span> <span class='ocrx_word' id='word_1_19' title='bbox 318 537 345 600; x_wconf 92' lang='lat' dir='ltr'><strong>si</strong></span> <span class='ocrx_word' id='word_1_20' title='bbox 372 536 477 600; x_wconf 91' lang='lat' dir='ltr'><strong>dicam</strong></span> <span class='ocrx_word' id='word_1_21' title='bbox 503 535 537 598; x_wconf 96' lang='lat' dir='ltr'><strong>id</strong></span> <span class='ocrx_word' id='word_1_22' title='bbox 563 533 669 597; x_wconf 86' lang='lat' dir='ltr'><strong>facere</strong></span> <span class='ocrx_word' id='word_1_23' title='bbox 692 528 759 618; x_wconf 88' lang='lat' dir='ltr'><strong>m&#39;c,</strong></span> <span class='ocrx_word' id='word_1_24' title='bbox 790 536 828 598; x_wconf 89' lang='lat' dir='ltr'><strong>ut</strong></span> <span class='ocrx_word' id='word_1_25' title='bbox 856 534 968 636; x_wconf 89' lang='lat' dir='ltr'><strong>aliqua</strong></span> <span class='ocrx_word' id='word_1_26' title='bbox 997 557 1070 619; x_wconf 92' lang='lat' dir='ltr'><strong>pars</strong></span> <span class='ocrx_word' id='word_1_27' title='bbox 1090 538 1122 599; x_wconf 85' lang='grc'><strong>18-</strong></span> 
     </span>
     <span class='ocr_line' id='line_1_5' title="bbox 177 622 1122 708; baseline -0.002 -18"><span class='ocrx_word' id='word_1_28' title='bbox 177 627 265 690; x_wconf 87' lang='lat' dir='ltr'><strong>boris</strong></span> <span class='ocrx_word' id='word_1_29' title='bbox 292 625 456 689; x_wconf 84' lang='lat' dir='ltr'><strong>minuatur</strong></span> <span class='ocrx_word' id='word_1_30' title='bbox 478 622 572 706; x_wconf 89' lang='lat' dir='ltr'><strong>mihi,</strong></span> <span class='ocrx_word' id='word_1_31' title='bbox 599 643 694 686; x_wconf 87' lang='lat' dir='ltr'><strong>nemo</strong></span> <span class='ocrx_word' id='word_1_32' title='bbox 718 643 785 706; x_wconf 90' lang='lat' dir='ltr'><strong>me,</strong></span> <span class='ocrx_word' id='word_1_33' title='bbox 807 624 846 685; x_wconf 92' lang='grc'><strong>81</strong></span> <span class='ocrx_word' id='word_1_34' title='bbox 869 623 1002 708; x_wconf 84' lang='lat' dir='ltr'>opinor,</span> <span class='ocrx_word' id='word_1_35' title='bbox 1031 625 1122 688; x_wconf 89' lang='grc'><strong>8888818</strong></span> 
     </span>
     <span class='ocr_line' id='line_1_6' title="bbox 178 710 1140 826; baseline -0.001 -48"><span class='ocrx_word' id='word_1_36' title='bbox 178 713 406 798; x_wconf 88' lang='lat' dir='ltr'><strong>reprehendat,</strong></span> <span class='ocrx_word' id='word_1_37' title='bbox 430 711 515 796; x_wconf 90' lang='lat' dir='ltr'><strong>quod</strong></span> <span class='ocrx_word' id='word_1_38' title='bbox 538 710 630 775; x_wconf 87' lang='lat' dir='ltr'><strong>vobis</strong></span> <span class='ocrx_word' id='word_1_39' title='bbox 654 732 674 774; x_wconf 93' lang='grc'><strong>8</strong></span> <span class='ocrx_word' id='word_1_40' title='bbox 695 731 748 774; x_wconf 90' lang='lat' dir='ltr'><strong>me</strong></span> <span class='ocrx_word' id='word_1_41' title='bbox 772 713 891 794; x_wconf 89' lang='lat' dir='ltr'><strong>sponte</strong></span> <span class='ocrx_word' id='word_1_42' title='bbox 920 712 1122 777; x_wconf 72' lang='lat' dir='ltr'><strong>tribuitur</strong></span> <span class='ocrx_word' id='word_1_43' title='bbox 1078 736 1140 826; x_wconf 84' lang='grc'><strong>,881</strong></span> 
     </span>
     <span class='ocr_line' id='line_1_7' title="bbox 179 798 1141 908; baseline -0.003 -41"><span class='ocrx_word' id='word_1_44' title='bbox 179 803 214 866; x_wconf 91' lang='lat' dir='ltr'><strong>in</strong></span> <span class='ocrx_word' id='word_1_45' title='bbox 238 824 275 867; x_wconf 90' lang='grc'><strong>88</strong></span> <span class='ocrx_word' id='word_1_46' title='bbox 299 803 397 867; x_wconf 86' lang='lat' dir='ltr'><strong>etiam</strong></span> <span class='ocrx_word' id='word_1_47' title='bbox 420 798 579 865; x_wconf 90' lang='lat' dir='ltr'><strong>commodi</strong></span> <span class='ocrx_word' id='word_1_48' title='bbox 600 798 664 862; x_wconf 87' lang='lat' dir='ltr'><strong>mei</strong></span> <span class='ocrx_word' id='word_1_49' title='bbox 686 799 849 862; x_wconf 88' lang='lat' dir='ltr'><strong>rationem</strong></span> <span class='ocrx_word' id='word_1_50' title='bbox 871 799 1061 865; x_wconf 78' lang='lat' dir='ltr'>habendam</span> <span class='ocrx_word' id='word_1_51' title='bbox 1075 821 1141 908; x_wconf 87' lang='grc'><strong>8888</strong></span> 
     </span>
     <span class='ocr_line' id='line_1_8' title="bbox 180 855 1141 974; baseline -0.002 -19"><span class='ocrx_word' id='word_1_52' title='bbox 180 891 322 974; x_wconf 90' lang='lat' dir='ltr'><strong>aliquam</strong></span> <span class='ocrx_word' id='word_1_53' title='bbox 344 893 470 973; x_wconf 87' lang='lat' dir='ltr'><strong>putem,</strong></span> <span class='ocrx_word' id='word_1_54' title='bbox 497 887 685 972; x_wconf 88' lang='lat' dir='ltr'><strong>praesertim</strong></span> <span class='ocrx_word' id='word_1_55' title='bbox 709 907 783 950; x_wconf 89' lang='lat' dir='ltr'><strong>cum</strong></span> <span class='ocrx_word' id='word_1_56' title='bbox 811 887 905 952; x_wconf 84' lang='lat' dir='ltr'><strong>vobis</strong></span> <span class='ocrx_word' id='word_1_57' title='bbox 934 910 1038 955; x_wconf 87' lang='lat' dir='ltr'><strong>exeo</strong></span> <span class='ocrx_word' id='word_1_58' title='bbox 1065 855 1141 954; x_wconf 87' lang='grc'><strong>88181</strong></span> 
     </span>
     <span class='ocr_line' id='line_1_9' title="bbox 181 973 1143 1092; baseline 0 -49"><span class='ocrx_word' id='word_1_59' title='bbox 181 980 304 1044; x_wconf 78' lang='lat' dir='ltr'><strong>oriatur</strong></span> <span class='ocrx_word' id='word_1_60' title='bbox 328 977 532 1042; x_wconf 79' lang='lat' dir='ltr'><strong>incommodi.</strong></span> <span class='ocrx_word' id='word_1_61' title='bbox 574 973 636 1040; x_wconf 81' lang='lat' dir='ltr'><strong>sed</strong></span> <span class='ocrx_word' id='word_1_62' title='bbox 664 979 741 1038; x_wconf 91' lang='lat' dir='ltr'><strong>sunt</strong></span> <span class='ocrx_word' id='word_1_63' title='bbox 768 975 833 1038; x_wconf 90' lang='grc'><strong>8188</strong></span> <span class='ocrx_word' id='word_1_64' title='bbox 866 977 1034 1062; x_wconf 84' lang='lat' dir='ltr'><strong>graviora,</strong></span> <span class='ocrx_word' id='word_1_65' title='bbox 1065 1000 1143 1092; x_wconf 53' lang='lat' dir='ltr'><strong>quae,</strong></span> 
     </span>
     <span class='ocr_line' id='line_1_10' title="bbox 181 1054 1143 1152; baseline 0 -21"><span class='ocrx_word' id='word_1_66' title='bbox 181 1090 233 1131; x_wconf 92' lang='lat' dir='ltr'><strong>e</strong></span> <span class='ocrx_word' id='word_1_67' title='bbox 251 1087 355 1152; x_wconf 86' lang='lat' dir='ltr'><strong>magis</strong></span> <span class='ocrx_word' id='word_1_68' title='bbox 374 1067 606 1130; x_wconf 85' lang='lat' dir='ltr'><strong>commoveant.</strong></span> <span class='ocrx_word' id='word_1_69' title='bbox 638 1061 711 1127; x_wconf 89' lang='lat' dir='ltr'><strong>Huc</strong></span> <span class='ocrx_word' id='word_1_70' title='bbox 731 1063 858 1146; x_wconf 90' lang='lat' dir='ltr'><strong>quoties</strong></span> <span class='ocrx_word' id='word_1_71' title='bbox 881 1066 1046 1152; x_wconf 85' lang='lat' dir='ltr'><strong>venimus,</strong></span> <span class='ocrx_word' id='word_1_72' title='bbox 1068 1054 1143 1151; x_wconf 61' lang='lat' dir='ltr'><strong>pen-l</strong></span> 
     </span>
     <span class='ocr_line' id='line_1_11' title="bbox 182 1151 1144 1238; baseline 0 -20"><span class='ocrx_word' id='word_1_73' title='bbox 182 1155 322 1219; x_wconf 91' lang='lat' dir='ltr'><strong>dendum</strong></span> <span class='ocrx_word' id='word_1_74' title='bbox 344 1154 438 1219; x_wconf 91' lang='lat' dir='ltr'><strong>nobis</strong></span> <span class='ocrx_word' id='word_1_75' title='bbox 461 1157 511 1218; x_wconf 89' lang='lat' dir='ltr'><strong>est</strong></span> <span class='ocrx_word' id='word_1_76' title='bbox 533 1175 572 1217; x_wconf 89' lang='lat' dir='ltr'><strong>ex</strong></span> <span class='ocrx_word' id='word_1_77' title='bbox 590 1152 714 1238; x_wconf 79' lang='lat' dir='ltr'><strong>aliquot</strong></span> <span class='ocrx_word' id='word_1_78' title='bbox 732 1151 1029 1219; x_wconf 87' lang='lat' dir='ltr'><strong>abiectissimorum</strong></span> <span class='ocrx_word' id='word_1_79' title='bbox 1047 1154 1144 1219; x_wconf 86' lang='grc'><strong>88188</strong></span> 
     </span>
     <span class='ocr_line' id='line_1_12' title="bbox 182 1241 1145 1327; baseline 0 -21"><span class='ocrx_word' id='word_1_80' title='bbox 182 1244 295 1308; x_wconf 91' lang='lat' dir='ltr'><strong>lonum</strong></span> <span class='ocrx_word' id='word_1_81' title='bbox 321 1243 468 1327; x_wconf 83' lang='lat' dir='ltr'><strong>libidine,</strong></span> <span class='ocrx_word' id='word_1_82' title='bbox 496 1242 551 1327; x_wconf 92' lang='lat' dir='ltr'><strong>qui</strong></span> <span class='ocrx_word' id='word_1_83' title='bbox 578 1241 640 1304; x_wconf 84' lang='lat' dir='ltr'><strong>sibi</strong></span> <span class='ocrx_word' id='word_1_84' title='bbox 667 1261 726 1324; x_wconf 91' lang='lat' dir='ltr'><strong>pro</strong></span> <span class='ocrx_word' id='word_1_85' title='bbox 755 1241 997 1307; x_wconf 88' lang='lat' dir='ltr'><strong>oblectamento</strong></span> <span class='ocrx_word' id='word_1_86' title='bbox 1025 1243 1145 1308; x_wconf 85' lang='lat' dir='ltr'><strong>habent</strong></span> 
     </span>
     <span class='ocr_line' id='line_1_13' title="bbox 184 1328 1146 1416; baseline -0.002 -20"><span class='ocrx_word' id='word_1_87' title='bbox 184 1332 413 1416; x_wconf 89' lang='lat' dir='ltr'><strong>obstrependo,</strong></span> <span class='ocrx_word' id='word_1_88' title='bbox 458 1330 676 1413; x_wconf 91' lang='lat' dir='ltr'><strong>obturbando,</strong></span> <span class='ocrx_word' id='word_1_89' title='bbox 721 1328 924 1394; x_wconf 89' lang='lat' dir='ltr'><strong>exsibilando</strong></span> <span class='ocrx_word' id='word_1_90' title='bbox 967 1331 1146 1396; x_wconf 82' lang='lat' dir='ltr'><strong>laudabiles</strong></span> 
     </span>
     <span class='ocr_line' id='line_1_14' title="bbox 184 1417 1147 1505; baseline 0.004 -21"><span class='ocrx_word' id='word_1_91' title='bbox 184 1421 319 1486; x_wconf 89' lang='lat' dir='ltr'><strong>aliorum</strong></span> <span class='ocrx_word' id='word_1_92' title='bbox 345 1423 493 1505; x_wconf 87' lang='lat' dir='ltr'><strong>conatus,</strong></span> <span class='ocrx_word' id='word_1_93' title='bbox 516 1419 641 1505; x_wconf 87' lang='lat' dir='ltr'><strong>quoties</strong></span> <span class='ocrx_word' id='word_1_94' title='bbox 665 1417 824 1502; x_wconf 86' lang='lat' dir='ltr'><strong>collibuit,</strong></span> <span class='ocrx_word' id='word_1_95' title='bbox 847 1418 1014 1502; x_wconf 88' lang='lat' dir='ltr'><strong>impedire.</strong></span> <span class='ocrx_word' id='word_1_96' title='bbox 1050 1420 1147 1488; x_wconf 73' lang='grc'><strong>1188881</strong></span> 
     </span>
     <span class='ocr_line' id='line_1_15' title="bbox 185 1506 1148 1593; baseline 0 -21"><span class='ocrx_word' id='word_1_97' title='bbox 185 1511 226 1574; x_wconf 92' lang='lat' dir='ltr'><strong>ab</strong></span> <span class='ocrx_word' id='word_1_98' title='bbox 254 1511 311 1574; x_wconf 88' lang='grc'><strong>8118</strong></span> <span class='ocrx_word' id='word_1_99' title='bbox 336 1510 405 1574; x_wconf 85' lang='lat' dir='ltr'><strong>fece</strong></span> <span class='ocrx_word' id='word_1_100' title='bbox 433 1530 471 1574; x_wconf 89' lang='lat' dir='ltr'><strong>ac</strong></span> <span class='ocrx_word' id='word_1_101' title='bbox 498 1507 634 1573; x_wconf 87' lang='lat' dir='ltr'><strong>colluvie</strong></span> <span class='ocrx_word' id='word_1_102' title='bbox 662 1506 744 1570; x_wconf 89' lang='lat' dir='ltr'><strong>nihil</strong></span> <span class='ocrx_word' id='word_1_103' title='bbox 776 1507 913 1590; x_wconf 90' lang='lat' dir='ltr'><strong>periculi</strong></span> <span class='ocrx_word' id='word_1_104' title='bbox 941 1512 1004 1593; x_wconf 89' lang='grc'><strong>881,</strong></span> <span class='ocrx_word' id='word_1_105' title='bbox 1036 1511 1089 1574; x_wconf 89' lang='lat' dir='ltr'><strong>ubi</strong></span> <span class='ocrx_word' id='word_1_106' title='bbox 1110 1510 1148 1588; x_wconf 72' lang='grc'><strong>881</strong></span> 
     </span>
     <span class='ocr_line' id='line_1_16' title="bbox 186 1595 1131 1681; baseline 0.001 -20"><span class='ocrx_word' id='word_1_107' title='bbox 186 1598 263 1681; x_wconf 91' lang='lat' dir='ltr'><strong>quid</strong></span> <span class='ocrx_word' id='word_1_108' title='bbox 285 1599 350 1662; x_wconf 91' lang='lat' dir='ltr'><strong>tale</strong></span> <span class='ocrx_word' id='word_1_109' title='bbox 371 1600 497 1662; x_wconf 86' lang='lat' dir='ltr'><strong>tentare</strong></span> <span class='ocrx_word' id='word_1_110' title='bbox 521 1596 688 1677; x_wconf 85' lang='lat' dir='ltr'><strong>auderent,</strong></span> <span class='ocrx_word' id='word_1_111' title='bbox 711 1595 1030 1680; x_wconf 86' lang='lat' dir='ltr'><strong>extruderentur,tet</strong></span> <span class='ocrx_word' id='word_1_112' title='bbox 1053 1599 1079 1662; x_wconf 88' lang='grc'><strong>88</strong></span> <span class='ocrx_word' id='word_1_113' title='bbox 1095 1620 1131 1662; x_wconf 86' lang='lat' dir='ltr'><strong>re-</strong></span> 
     </span>
     <span class='ocr_line' id='line_1_17' title="bbox 186 1645 1150 1786; baseline 0.001 -38"><span class='ocrx_word' id='word_1_114' title='bbox 186 1685 255 1750; x_wconf 87' lang='lat' dir='ltr'><strong>dire</strong></span> <span class='ocrx_word' id='word_1_115' title='bbox 268 1685 422 1768; x_wconf 86' lang='lat' dir='ltr'><strong>postridie</strong></span> <span class='ocrx_word' id='word_1_116' title='bbox 436 1685 564 1767; x_wconf 88' lang='lat' dir='ltr'><strong>vellent,</strong></span> <span class='ocrx_word' id='word_1_117' title='bbox 578 1645 831 1748; x_wconf 80' lang='lat' dir='ltr'><strong>excluderentur.</strong></span> <span class='ocrx_word' id='word_1_118' title='bbox 858 1683 966 1748; x_wconf 89' lang='grc' dir='ltr'><strong>Η88</strong></span> <span class='ocrx_word' id='word_1_119' title='bbox 935 1707 991 1750; x_wconf 79' lang='grc'><strong>888</strong></span> <span class='ocrx_word' id='word_1_120' title='bbox 1005 1707 1150 1786; x_wconf 86' lang='lat' dir='ltr'><strong>unquam</strong></span> 
     </span>
     <span class='ocr_line' id='line_1_18' title="bbox 186 1733 1151 1884; baseline 0.002 -48"><span class='ocrx_word' id='word_1_121' title='bbox 186 1771 267 1836; x_wconf 90' lang='lat' dir='ltr'><strong>mihi</strong></span> <span class='ocrx_word' id='word_1_122' title='bbox 288 1773 403 1838; x_wconf 88' lang='lat' dir='ltr'><strong>horam</strong></span> <span class='ocrx_word' id='word_1_123' title='bbox 424 1733 586 1858; x_wconf 82' lang='lat' dir='ltr'><strong>integrain</strong></span> <span class='ocrx_word' id='word_1_124' title='bbox 609 1771 722 1835; x_wconf 89' lang='lat' dir='ltr'><strong>docere</strong></span> <span class='ocrx_word' id='word_1_125' title='bbox 745 1772 957 1856; x_wconf 82' lang='lat' dir='ltr'><strong>permittitur:</strong></span> <span class='ocrx_word' id='word_1_126' title='bbox 985 1774 1073 1840; x_wconf 94' lang='lat' dir='ltr'><strong>domi</strong></span> <span class='ocrx_word' id='word_1_127' title='bbox 1093 1797 1151 1884; x_wconf 88' lang='grc'><strong>8881</strong></span> 
     </span>
     <span class='ocr_line' id='line_1_19' title="bbox 188 1848 1152 1984; baseline 0 -58"><span class='ocrx_word' id='word_1_128' title='bbox 188 1883 283 1946; x_wconf 86' lang='lat' dir='ltr'><strong>saepe</strong></span> <span class='ocrx_word' id='word_1_129' title='bbox 310 1863 408 1928; x_wconf 91' lang='grc'><strong>188888</strong></span> <span class='ocrx_word' id='word_1_130' title='bbox 431 1861 511 1926; x_wconf 89' lang='lat' dir='ltr'><strong>duas</strong></span> <span class='ocrx_word' id='word_1_131' title='bbox 535 1881 659 1926; x_wconf 89' lang='lat' dir='ltr'><strong>summo</strong></span> <span class='ocrx_word' id='word_1_132' title='bbox 683 1859 826 1945; x_wconf 86' lang='lat' dir='ltr'><strong>silentio,</strong></span> <span class='ocrx_word' id='word_1_133' title='bbox 853 1877 981 1926; x_wconf 88' lang='lat' dir='ltr'><strong>summa</strong></span> <span class='ocrx_word' id='word_1_134' title='bbox 1004 1848 1152 1984; x_wconf 86' lang='grc'><strong>8888888881</strong></span> 
     </span>
     <span class='ocr_line' id='line_1_20' title="bbox 187 1946 1152 2037; baseline 0 -21"><span class='ocrx_word' id='word_1_135' title='bbox 187 1951 355 2017; x_wconf 87' lang='lat' dir='ltr'><strong>voluntate</strong></span> <span class='ocrx_word' id='word_1_136' title='bbox 382 1951 473 2016; x_wconf 89' lang='lat' dir='ltr'><strong>audit</strong></span> <span class='ocrx_word' id='word_1_137' title='bbox 458 1954 529 2016; x_wconf 90' lang='lat' dir='ltr'><strong>tum</strong></span> <span class='ocrx_word' id='word_1_138' title='bbox 560 1969 629 2015; x_wconf 88' lang='grc'><strong>8888</strong></span> <span class='ocrx_word' id='word_1_139' title='bbox 660 1949 862 2015; x_wconf 85' lang='lat' dir='ltr'><strong>meministis.</strong></span> <span class='ocrx_word' id='word_1_140' title='bbox 902 1949 975 2015; x_wconf 93' lang='grc'><strong>11188</strong></span> <span class='ocrx_word' id='word_1_141' title='bbox 1012 1953 1040 2016; x_wconf 89' lang='grc'><strong>88</strong></span> <span class='ocrx_word' id='word_1_142' title='bbox 1075 1946 1152 2037; x_wconf 66' lang='lat' dir='ltr'><strong>quisl</strong></span> 
     </span>
     <span class='ocr_line' id='line_1_21' title="bbox 190 2038 1136 2125; baseline 0 -21"><span class='ocrx_word' id='word_1_143' title='bbox 190 2041 266 2124; x_wconf 91' lang='lat' dir='ltr'><strong>quid</strong></span> <span class='ocrx_word' id='word_1_144' title='bbox 293 2042 399 2106; x_wconf 88' lang='lat' dir='ltr'><strong>minus</strong></span> <span class='ocrx_word' id='word_1_145' title='bbox 425 2039 596 2123; x_wconf 84' lang='lat' dir='ltr'><strong>intellexit,</strong></span> <span class='ocrx_word' id='word_1_146' title='bbox 627 2038 703 2102; x_wconf 89' lang='grc'><strong>18881</strong></span> <span class='ocrx_word' id='word_1_147' title='bbox 688 2041 864 2123; x_wconf 84' lang='lat' dir='ltr'><strong>trogare,</strong></span> <span class='ocrx_word' id='word_1_148' title='bbox 895 2038 973 2104; x_wconf 91' lang='lat' dir='ltr'><strong>licet</strong></span> <span class='ocrx_word' id='word_1_149' title='bbox 1000 2042 1136 2125; x_wconf 80' lang='lat' dir='ltr'><strong>colloqui,</strong></span> 
     </span>
     <span class='ocr_line' id='line_1_22' title="bbox 105 2126 1135 2214; baseline 0 -22"><span class='ocrx_word' id='word_1_150' title='bbox 105 2191 111 2200; x_wconf 84' lang='grc'><strong>,</strong></span> <span class='ocrx_word' id='word_1_151' title='bbox 189 2129 265 2193; x_wconf 88' lang='grc'><strong>18881</strong></span> <span class='ocrx_word' id='word_1_152' title='bbox 287 2130 410 2214; x_wconf 88' lang='lat' dir='ltr'><strong>placide</strong></span> <span class='ocrx_word' id='word_1_153' title='bbox 434 2150 471 2192; x_wconf 88' lang='grc'><strong>88</strong></span> <span class='ocrx_word' id='word_1_154' title='bbox 494 2128 640 2212; x_wconf 86' lang='lat' dir='ltr'><strong>comiter,</strong></span> <span class='ocrx_word' id='word_1_155' title='bbox 667 2127 696 2191; x_wconf 89' lang='grc'><strong>88</strong></span> <span class='ocrx_word' id='word_1_156' title='bbox 718 2126 795 2212; x_wconf 92' lang='lat' dir='ltr'><strong>quid</strong></span> <span class='ocrx_word' id='word_1_157' title='bbox 818 2127 874 2212; x_wconf 89' lang='lat' dir='ltr'><strong>sit,</strong></span> <span class='ocrx_word' id='word_1_158' title='bbox 905 2127 945 2192; x_wconf 92' lang='lat' dir='ltr'><strong>de</strong></span> <span class='ocrx_word' id='word_1_159' title='bbox 970 2150 1033 2212; x_wconf 93' lang='lat' dir='ltr'><strong>quo</strong></span> <span class='ocrx_word' id='word_1_160' title='bbox 1057 2130 1135 2194; x_wconf 92' lang='lat' dir='ltr'><strong>dubi-</strong></span> 
     </span>
     <span class='ocr_line' id='line_1_23' title="bbox 189 2218 486 2300; baseline -0.007 -20"><span class='ocrx_word' id='word_1_161' title='bbox 189 2221 290 2298; x_wconf 89' lang='lat' dir='ltr'><strong>tetur,</strong></span> <span class='ocrx_word' id='word_1_162' title='bbox 313 2218 486 2300; x_wconf 85' lang='lat' dir='ltr'><strong>exquirere.</strong></span> 
     </span>
     <span class='ocr_line' id='line_1_24' title="bbox 256 2267 1137 2392; baseline 0.005 -24"><span class='ocrx_word' id='word_1_163' title='bbox 256 2267 328 2368; x_wconf 78' lang='lat' dir='ltr'><strong>liae</strong></span> <span class='ocrx_word' id='word_1_164' title='bbox 342 2326 393 2368; x_wconf 90' lang='lat' dir='ltr'><strong>me</strong></span> <span class='ocrx_word' id='word_1_165' title='bbox 408 2325 538 2369; x_wconf 83' lang='lat' dir='ltr'><strong>caussae</strong></span> <span class='ocrx_word' id='word_1_166' title='bbox 562 2304 726 2370; x_wconf 87' lang='lat' dir='ltr'><strong>adducunt</strong></span> <span class='ocrx_word' id='word_1_167' title='bbox 711 2308 810 2390; x_wconf 88' lang='lat' dir='ltr'><strong>t,ut,</strong></span> <span class='ocrx_word' id='word_1_168' title='bbox 833 2309 913 2390; x_wconf 88' lang='lat' dir='ltr'><strong>quot</strong></span> <span class='ocrx_word' id='word_1_169' title='bbox 913 2306 960 2371; x_wconf 89' lang='lat' dir='ltr'><strong>ies</strong></span> <span class='ocrx_word' id='word_1_170' title='bbox 981 2328 1001 2372; x_wconf 90' lang='lat' dir='ltr'><strong>a</strong></span> <span class='ocrx_word' id='word_1_171' title='bbox 1018 2307 1137 2392; x_wconf 90' lang='lat' dir='ltr'><strong>pubhco</strong></span> 
     </span>
     <span class='ocr_line' id='line_1_25' title="bbox 173 2356 1140 2480; baseline -0.001 -20"><span class='ocrx_word' id='word_1_172' title='bbox 173 2413 323 2460; x_wconf 87' lang='lat' dir='ltr'><strong>munere</strong></span> <span class='ocrx_word' id='word_1_173' title='bbox 342 2393 478 2458; x_wconf 89' lang='lat' dir='ltr'><strong>cessatio</strong></span> <span class='ocrx_word' id='word_1_174' title='bbox 497 2396 559 2477; x_wconf 89' lang='grc'><strong>881,</strong></span> <span class='ocrx_word' id='word_1_175' title='bbox 532 2356 737 2458; x_wconf 73' lang='grc'><strong>1181881888</strong></span> <span class='ocrx_word' id='word_1_176' title='bbox 752 2393 885 2458; x_wconf 88' lang='lat' dir='ltr'><strong>doceam</strong></span> <span class='ocrx_word' id='word_1_177' title='bbox 907 2395 1004 2460; x_wconf 90' lang='lat' dir='ltr'><strong>domi.</strong></span> <span class='ocrx_word' id='word_1_178' title='bbox 1035 2395 1140 2480; x_wconf 89' lang='lat' dir='ltr'><strong>Neque</strong></span> 
     </span>
     <span class='ocr_line' id='line_1_26' title="bbox 193 2444 1144 2570; baseline 0.004 -26"><span class='ocrx_word' id='word_1_179' title='bbox 193 2481 317 2565; x_wconf 90' lang='lat' dir='ltr'><strong>dubito,</strong></span> <span class='ocrx_word' id='word_1_180' title='bbox 345 2483 424 2566; x_wconf 89' lang='lat' dir='ltr'><strong>quin</strong></span> <span class='ocrx_word' id='word_1_181' title='bbox 449 2483 512 2548; x_wconf 89' lang='lat' dir='ltr'><strong>hoc</strong></span> <span class='ocrx_word' id='word_1_182' title='bbox 539 2444 708 2546; x_wconf 81' lang='lat' dir='ltr'><strong>donsilium</strong></span> <span class='ocrx_word' id='word_1_183' title='bbox 730 2503 837 2546; x_wconf 90' lang='lat' dir='ltr'><strong>meum</strong></span> <span class='ocrx_word' id='word_1_184' title='bbox 861 2505 973 2548; x_wconf 89' lang='lat' dir='ltr'><strong>omnes</strong></span> <span class='ocrx_word' id='word_1_185' title='bbox 994 2503 1061 2570; x_wconf 90' lang='lat' dir='ltr'><strong>aeq</strong></span> <span class='ocrx_word' id='word_1_186' title='bbox 1061 2509 1093 2549; x_wconf 91' lang='grc'><strong>88</strong></span> <span class='ocrx_word' id='word_1_187' title='bbox 1085 2474 1144 2548; x_wconf 91' lang='grc'><strong>81</strong></span> 
     </span>
     <span class='ocr_line' id='line_1_27' title="bbox 192 2570 1142 2658; baseline 0.004 -25"><span class='ocrx_word' id='word_1_188' title='bbox 192 2570 308 2634; x_wconf 91' lang='lat' dir='ltr'><strong>harum</strong></span> <span class='ocrx_word' id='word_1_189' title='bbox 338 2592 446 2636; x_wconf 89' lang='lat' dir='ltr'><strong>rerum</strong></span> <span class='ocrx_word' id='word_1_190' title='bbox 477 2571 694 2656; x_wconf 87' lang='lat' dir='ltr'><strong>intelligentes</strong></span> <span class='ocrx_word' id='word_1_191' title='bbox 731 2570 965 2637; x_wconf 85' lang='lat' dir='ltr'><strong>existimatores</strong></span> <span class='ocrx_word' id='word_1_192' title='bbox 1000 2575 1142 2658; x_wconf 89' lang='lat' dir='ltr'><strong>probent.</strong></span> 
     </span>
     <span class='ocr_line' id='line_1_28' title="bbox 193 2657 1142 2762; baseline 0 -38"><span class='ocrx_word' id='word_1_193' title='bbox 193 2657 242 2724; x_wconf 88' lang='lat' dir='ltr'><strong>De</strong></span> <span class='ocrx_word' id='word_1_194' title='bbox 271 2681 431 2762; x_wconf 84' lang='lat' dir='ltr'><strong>quocum</strong></span> <span class='ocrx_word' id='word_1_195' title='bbox 462 2663 495 2724; x_wconf 90' lang='grc'><strong>81</strong></span> <span class='ocrx_word' id='word_1_196' title='bbox 522 2659 642 2743; x_wconf 91' lang='lat' dir='ltr'><strong>aliquid</strong></span> <span class='ocrx_word' id='word_1_197' title='bbox 673 2659 845 2724; x_wconf 90' lang='lat' dir='ltr'><strong>dicendum</strong></span> <span class='ocrx_word' id='word_1_198' title='bbox 875 2659 975 2726; x_wconf 86' lang='lat' dir='ltr'><strong>fuerit</strong></span> <span class='ocrx_word' id='word_1_199' title='bbox 1006 2666 1040 2727; x_wconf 88' lang='lat' dir='ltr'><strong>et</strong></span> <span class='ocrx_word' id='word_1_200' title='bbox 1071 2662 1142 2726; x_wconf 90' lang='grc'><strong>88188</strong></span> 
     </span>
     <span class='ocr_line' id='line_1_29' title="bbox 194 2748 1143 2835; baseline 0.001 -23"><span class='ocrx_word' id='word_1_201' title='bbox 194 2749 331 2814; x_wconf 90' lang='lat' dir='ltr'><strong>multa</strong></span> <span class='ocrx_word' id='word_1_202' title='bbox 322 2771 388 2813; x_wconf 90' lang='lat' dir='ltr'><strong>1am</strong></span> <span class='ocrx_word' id='word_1_203' title='bbox 415 2749 530 2814; x_wconf 89' lang='lat' dir='ltr'><strong>dixisse</strong></span> <span class='ocrx_word' id='word_1_204' title='bbox 557 2748 680 2833; x_wconf 88' lang='lat' dir='ltr'><strong>videar,</strong></span> <span class='ocrx_word' id='word_1_205' title='bbox 709 2748 857 2813; x_wconf 85' lang='lat' dir='ltr'><strong>transibo</strong></span> <span class='ocrx_word' id='word_1_206' title='bbox 889 2749 930 2814; x_wconf 90' lang='lat' dir='ltr'><strong>ad</strong></span> <span class='ocrx_word' id='word_1_207' title='bbox 959 2749 1037 2835; x_wconf 91' lang='grc'><strong>8188,</strong></span> <span class='ocrx_word' id='word_1_208' title='bbox 1068 2771 1143 2835; x_wconf 89' lang='lat' dir='ltr'><strong>quae</strong></span> 
     </span>
     <span class='ocr_line' id='line_1_30' title="bbox 194 2773 1144 2923; baseline 0 -21"><span class='ocrx_word' id='word_1_209' title='bbox 194 2839 323 2923; x_wconf 89' lang='lat' dir='ltr'><strong>proprie</strong></span> <span class='ocrx_word' id='word_1_210' title='bbox 355 2839 519 2922; x_wconf 86' lang='lat' dir='ltr'><strong>pertinent</strong></span> <span class='ocrx_word' id='word_1_211' title='bbox 546 2836 587 2901; x_wconf 91' lang='lat' dir='ltr'><strong>ad</strong></span> <span class='ocrx_word' id='word_1_212' title='bbox 615 2858 670 2902; x_wconf 87' lang='lat' dir='ltr'><strong>eos</strong></span> <span class='ocrx_word' id='word_1_213' title='bbox 702 2837 816 2921; x_wconf 91' lang='lat' dir='ltr'><strong>libros,</strong></span> <span class='ocrx_word' id='word_1_214' title='bbox 849 2859 929 2923; x_wconf 91' lang='lat' dir='ltr'><strong>quos</strong></span> <span class='ocrx_word' id='word_1_215' title='bbox 962 2802 1055 2904; x_wconf 89' lang='lat' dir='ltr'><strong>vobis</strong></span> <span class='ocrx_word' id='word_1_216' title='bbox 1068 2773 1144 2904; x_wconf 87' lang='lat' dir='ltr'><strong>qhoc</strong></span> 
     </span>
     <span class='ocr_line' id='line_1_31' title="bbox 195 2926 1145 3013; baseline -0.004 -19"><span class='ocrx_word' id='word_1_217' title='bbox 195 2949 281 2994; x_wconf 90' lang='lat' dir='ltr'><strong>anno</strong></span> <span class='ocrx_word' id='word_1_218' title='bbox 311 2926 381 2993; x_wconf 92' lang='lat' dir='ltr'><strong>Deo</strong></span> <span class='ocrx_word' id='word_1_219' title='bbox 414 2927 515 2991; x_wconf 86' lang='lat' dir='ltr'><strong>fretus</strong></span> <span class='ocrx_word' id='word_1_220' title='bbox 548 2926 720 3010; x_wconf 88' lang='lat' dir='ltr'><strong>explanare</strong></span> <span class='ocrx_word' id='word_1_221' title='bbox 752 2926 886 2991; x_wconf 88' lang='lat' dir='ltr'><strong>decrevi.</strong></span> <span class='ocrx_word' id='word_1_222' title='bbox 927 2926 990 3004; x_wconf 80' lang='lat' dir='ltr'><strong>Qui</strong></span> <span class='ocrx_word' id='word_1_223' title='bbox 1022 2928 1145 3013; x_wconf 88' lang='lat' dir='ltr'><strong>quidem</strong></span> 
     </span>
     <span class='ocr_line' id='line_1_32' title="bbox 133 3015 1145 3101; baseline -0.005 -19"><span class='ocrx_word' id='word_1_224' title='bbox 133 3051 137 3062; x_wconf 94' lang='lat'>·</span> <span class='ocrx_word' id='word_1_225' title='bbox 195 3019 304 3084; x_wconf 90' lang='lat' dir='ltr'><strong>multis</strong></span> <span class='ocrx_word' id='word_1_226' title='bbox 331 3017 516 3082; x_wconf 88' lang='lat' dir='ltr'><strong>nominibus</strong></span> <span class='ocrx_word' id='word_1_227' title='bbox 543 3035 663 3101; x_wconf 84' lang='lat' dir='ltr'><strong>magno</strong></span> <span class='ocrx_word' id='word_1_228' title='bbox 691 3015 777 3099; x_wconf 86' lang='lat' dir='ltr'><strong>apud</strong></span> <span class='ocrx_word' id='word_1_229' title='bbox 804 3035 864 3080; x_wconf 89' lang='lat' dir='ltr'><strong>nos</strong></span> <span class='ocrx_word' id='word_1_230' title='bbox 890 3015 926 3080; x_wconf 91' lang='lat' dir='ltr'><strong>in</strong></span> <span class='ocrx_word' id='word_1_231' title='bbox 953 3019 1058 3101; x_wconf 90' lang='lat' dir='ltr'><strong>pretio</strong></span> <span class='ocrx_word' id='word_1_232' title='bbox 1081 3035 1145 3080; x_wconf 89' lang='grc'><strong>8888</strong></span> 
     </span>
     <span class='ocr_line' id='line_1_33' title="bbox 196 3103 1147 3192; baseline -0.004 -21"><span class='ocrx_word' id='word_1_233' title='bbox 196 3108 322 3172; x_wconf 87' lang='lat' dir='ltr'><strong>debent.</strong></span> <span class='ocrx_word' id='word_1_234' title='bbox 352 3106 496 3172; x_wconf 91' lang='lat' dir='ltr'><strong>Primum</strong></span> <span class='ocrx_word' id='word_1_235' title='bbox 520 3105 605 3190; x_wconf 92' lang='lat' dir='ltr'><strong>quod</strong></span> <span class='ocrx_word' id='word_1_236' title='bbox 624 3103 787 3170; x_wconf 77' lang='lat' dir='ltr'><strong>Ciceronis</strong></span> <span class='ocrx_word' id='word_1_237' title='bbox 806 3107 894 3188; x_wconf 89' lang='grc'><strong>88881,</strong></span> <span class='ocrx_word' id='word_1_238' title='bbox 916 3105 979 3170; x_wconf 88' lang='grc'><strong>1888</strong></span> <span class='ocrx_word' id='word_1_239' title='bbox 998 3111 1060 3192; x_wconf 88' lang='grc'><strong>881,</strong></span> <span class='ocrx_word' id='word_1_240' title='bbox 1083 3106 1147 3170; x_wconf 87' lang='grc'><strong>8888</strong></span> 
     </span>
     <span class='ocr_line' id='line_1_34' title="bbox 195 3194 1146 3280; baseline -0.004 -22"><span class='ocrx_word' id='word_1_241' title='bbox 195 3196 268 3280; x_wconf 82' lang='lat' dir='ltr'><strong>viri,</strong></span> <span class='ocrx_word' id='word_1_242' title='bbox 292 3195 347 3278; x_wconf 92' lang='lat' dir='ltr'><strong>qui</strong></span> <span class='ocrx_word' id='word_1_243' title='bbox 369 3199 523 3278; x_wconf 89' lang='lat' dir='ltr'><strong>perpetuo</strong></span> <span class='ocrx_word' id='word_1_244' title='bbox 548 3194 692 3259; x_wconf 89' lang='lat' dir='ltr'><strong>omnium</strong></span> <span class='ocrx_word' id='word_1_245' title='bbox 715 3196 858 3257; x_wconf 89' lang='lat' dir='ltr'><strong>aetatum</strong></span> <span class='ocrx_word' id='word_1_246' title='bbox 881 3215 1041 3259; x_wconf 89' lang='lat' dir='ltr'><strong>consensu</strong></span> <span class='ocrx_word' id='word_1_247' title='bbox 1067 3195 1146 3258; x_wconf 91' lang='lat' dir='ltr'><strong>inter</strong></span> 
     </span>
     <span class='ocr_line' id='line_1_35' title="bbox 159 3281 1147 3366; baseline -0.004 -20"><span class='ocrx_word' id='word_1_248' title='bbox 159 3326 161 3330; x_wconf 30' lang='grc' dir='ltr'><strong><em>ι</em></strong></span> <span class='ocrx_word' id='word_1_249' title='bbox 195 3281 360 3346; x_wconf 85' lang='lat' dir='ltr'><strong>Romanos</strong></span> <span class='ocrx_word' id='word_1_250' title='bbox 379 3285 551 3366; x_wconf 87' lang='lat' dir='ltr'><strong>scriptores</strong></span> <span class='ocrx_word' id='word_1_251' title='bbox 570 3283 772 3366; x_wconf 86' lang='lat' dir='ltr'><strong>eloquentiae</strong></span> <span class='ocrx_word' id='word_1_252' title='bbox 790 3281 885 3346; x_wconf 90' lang='lat' dir='ltr'><strong>laude</strong></span> <span class='ocrx_word' id='word_1_253' title='bbox 903 3282 930 3346; x_wconf 90' lang='grc'><strong>81</strong></span> <span class='ocrx_word' id='word_1_254' title='bbox 915 3285 1147 3348; x_wconf 88' lang='lat' dir='ltr'><strong>tanumeratur</strong></span> 
     </span>
     <span class='ocr_line' id='line_1_36' title="bbox 196 3368 1147 3449; baseline 0 -19"><span class='ocrx_word' id='word_1_255' title='bbox 196 3368 332 3449; x_wconf 88' lang='lat' dir='ltr'><strong>primus,</strong></span> <span class='ocrx_word' id='word_1_256' title='bbox 350 3371 388 3430; x_wconf 90' lang='lat' dir='ltr'><strong>ut</strong></span> <span class='ocrx_word' id='word_1_257' title='bbox 406 3369 447 3432; x_wconf 91' lang='lat' dir='ltr'><strong>ab</strong></span> <span class='ocrx_word' id='word_1_258' title='bbox 466 3391 503 3433; x_wconf 91' lang='lat' dir='ltr'><strong>eo</strong></span> <span class='ocrx_word' id='word_1_259' title='bbox 522 3389 617 3433; x_wconf 89' lang='lat' dir='ltr'><strong>nemo</strong></span> <span class='ocrx_word' id='word_1_260' title='bbox 631 3372 818 3434; x_wconf 89' lang='lat' dir='ltr'><strong>numeretur</strong></span> <span class='ocrx_word' id='word_1_261' title='bbox 832 3371 1000 3436; x_wconf 88' lang='lat' dir='ltr'><strong>secundus</strong></span> <span class='ocrx_word' id='word_1_262' title='bbox 1027 3369 1147 3436; x_wconf 89' lang='lat' dir='ltr'><strong>Deinde</strong></span> 
     </span>
     <span class='ocr_line' id='line_1_37' title="bbox 197 3453 1147 3546; baseline 0.001 -29"><span class='ocrx_word' id='word_1_263' title='bbox 197 3455 282 3536; x_wconf 93' lang='lat' dir='ltr'><strong>quod</strong></span> <span class='ocrx_word' id='word_1_264' title='bbox 310 3453 421 3535; x_wconf 86' lang='lat' dir='ltr'><strong>scripti</strong></span> <span class='ocrx_word' id='word_1_265' title='bbox 448 3477 467 3518; x_wconf 91' lang='grc'><strong>8</strong></span> <span class='ocrx_word' id='word_1_266' title='bbox 489 3453 678 3532; x_wconf 71' lang='grc'><strong>(18888888</strong></span> <span class='ocrx_word' id='word_1_267' title='bbox 669 3478 735 3520; x_wconf 89' lang='lat' dir='ltr'><strong>1am</strong></span> <span class='ocrx_word' id='word_1_268' title='bbox 762 3477 851 3542; x_wconf 88' lang='lat' dir='ltr'><strong>sene,</strong></span> <span class='ocrx_word' id='word_1_269' title='bbox 879 3479 951 3522; x_wconf 91' lang='lat' dir='ltr'><strong>cum</strong></span> <span class='ocrx_word' id='word_1_270' title='bbox 978 3457 1147 3546; x_wconf 81' lang='lat' dir='ltr'><strong>singularis</strong></span> 
     </span>
     <span class='ocr_line' id='line_1_38' title="bbox 194 3509 1148 3630; baseline 0.004 -26"><span class='ocrx_word' id='word_1_271' title='bbox 194 3540 318 3607; x_wconf 88' lang='grc'><strong>8118888</strong></span> <span class='ocrx_word' id='word_1_272' title='bbox 339 3543 497 3622; x_wconf 90' lang='lat' dir='ltr'><strong>natusque</strong></span> <span class='ocrx_word' id='word_1_273' title='bbox 515 3541 551 3602; x_wconf 93' lang='lat' dir='ltr'><strong>in</strong></span> <span class='ocrx_word' id='word_1_274' title='bbox 568 3543 767 3623; x_wconf 88' lang='lat' dir='ltr'><strong>posteritatis</strong></span> <span class='ocrx_word' id='word_1_275' title='bbox 790 3509 971 3630; x_wconf 68' lang='lat' dir='ltr'><strong>exemplum</strong></span> <span class='ocrx_word' id='word_1_276' title='bbox 994 3552 1028 3612; x_wconf 89' lang='lat' dir='ltr'><strong>et</strong></span> <span class='ocrx_word' id='word_1_277' title='bbox 1049 3547 1148 3613; x_wconf 87' lang='lat' dir='ltr'><strong>multo</strong></span> 
     </span>
    </p>
   </div>
   <div class='ocr_carea' id='block_1_3' title="bbox 0 0 1193 3944">
    <p class='ocr_par' dir='ltr' id='par_1_3' title="bbox 0 0 1193 3944">
     <span class='ocr_line' id='line_1_39' title="bbox 0 0 1193 3944; baseline 0 0"><span class='ocrx_word' id='word_1_278' title='bbox 0 0 1193 3944; x_wconf 95' lang='lat' dir='ltr'><strong> </strong></span> 
     </span>
    </p>
   </div>
  </div>
 </body>
</html>
