2330 3944
364 243 500 302 ORATIO
519 244 580 300 XII.
903 251 964 314 117

45 410 96 472 rus,
119 390 219 452 taurus
244 389 375 474 robore,
405 392 542 474 utroque
568 392 633 475 leo,
664 413 769 476 neque
797 395 966 479 quisquam

45 481 159 540 nostum
196 479 252 542 aut
292 479 363 542 visu
398 479 511 562 lyncas
547 481 733 564 aequaverit
768 487 825 548 aut
859 485 966 568 talpas

45 566 128 630 auditu
148 569 200 630 aut
226 565 364 632 odoratu
391 588 496 632 canes.
535 566 649 652 Neque
677 572 786 635 tamen
807 571 887 638 haec
911 574 966 638 ob-

45 659 118 738 stant,
138 676 196 738 quo
218 655 327 720 minus
346 659 379 720 et
395 655 455 722 has
474 659 507 721 et
526 657 605 722 alias
625 657 805 724 animantes
823 661 858 724 in
876 665 964 744 pote-

45 747 131 806 statem
145 747 289 808 nostram
306 744 532 830 perducamus,
555 767 727 832 earumque
745 749 797 812 vel
815 750 965 815 carnibus

44 853 186 917 vescamur,
212 834 265 898 vel
288 833 374 898 corio
397 837 562 924 tegamur,
587 836 639 902 vel
662 837 708 900 cis
732 836 773 901 ad
796 838 885 902 varia
907 840 965 903 mi·

44 921 143 984 usaria
176 924 315 986 utamur.
359 921 485 988 Leones
516 924 605 1008 ipsos
636 924 731 988 multi
763 925 803 990 ad
836 947 965 992 currum

42 1009 191 1094 iunxerunt,
224 1010 357 1094 quidam
387 1013 485 1076 etiam
517 1013 562 1077 eis
593 1016 760 1098 tamquam
786 1015 882 1080 mulis
910 1017 963 1080 cli-

42 1098 142 1162 tellariis
172 1096 212 1162 ad
245 1121 345 1164 onera
381 1101 591 1166 convehenda
621 1102 672 1166 usi
704 1123 772 1166 esse
805 1103 963 1170 dicuntur.

42 1183 123 1270 Neque
142 1190 271 1252 tantum
294 1192 434 1254 armatas
458 1189 622 1275 cornibus,
645 1189 809 1276 dentibus,
832 1193 963 1279 ungulis

43 1273 134 1340 lerase
159 1277 321 1360 speluncis
348 1281 381 1342 et
407 1279 552 1344 latibulis
580 1278 645 1344 suis
669 1279 880 1366 extrahimus,
908 1283 963 1346 sed

42 1364 113 1428 naria
131 1364 200 1450 ipsa
222 1370 418 1452 scrutamur,
442 1367 498 1432 sed
516 1368 617 1432 elatas
640 1369 756 1454 pennis
774 1369 809 1432 in
827 1370 964 1436 sublime

43 1453 150 1518 volucres
185 1456 414 1538 consequimur
449 1459 560 1521 tamen
597 1459 630 1520 et
667 1457 870 1542 configimus,
907 1462 964 1524 aut

43 1540 89 1605 aliis
107 1543 222 1608 arfibus
247 1547 359 1628 captas
381 1544 534 1610 famulari
557 1545 701 1630 cogimus
725 1548 782 1610 aut
804 1548 964 1630 voluptati

42 1633 79 1692 aut
87 1631 271 1697 utilitatibus
289 1633 420 1698 nostris.
451 1633 559 1698 Tanta
572 1634 620 1699 vis
635 1653 672 1700 ac
686 1637 831 1718 potestas
845 1636 962 1701 mentis

42 1721 83 1801 est,
92 1723 207 1785 tantum
220 1722 258 1786 in
272 1725 379 1786 cetera
393 1723 503 1788 omnia
519 1723 690 1808 imperium
702 1723 822 1790 rationi
836 1746 874 1790 ac
888 1745 963 1790 con-

42 1805 89 1870 silo
108 1831 124 1872 a
143 1814 262 1874 natura
284 1811 444 1876 tributum
467 1814 526 1876 est.

85 1894 155 1970 Quin
168 1899 269 1962 etiam
283 1920 322 1964 ex
335 1900 425 1965 omni
437 1900 607 1965 hominurn
620 1921 767 1985 numero,
787 1902 841 1984 qui
855 1906 964 1966 mente

41 1987 196 2051 reconcilio
216 1988 332 2052 ceteris
351 1989 618 2073 antecelluerunt,
640 1989 679 2052 iis
697 1990 733 2054 in
752 1990 840 2054 omni
857 1993 964 2054 aetate

41 2090 116 2136 rerum
131 2095 257 2144 summa
274 2077 432 2161 permissa
450 2081 507 2142 est.
533 2077 578 2142 Iis
591 2077 738 2142 habenae
753 2078 966 2163 concreditae,

39 2157 65 2221 iis
81 2163 183 2229 tradita
206 2165 442 2250 gubernacula,
464 2165 488 2230 ii
511 2187 608 2250 supra
626 2170 749 2231 eeteros
768 2167 861 2250 quasi
879 2165 962 2234 Deo·

40 2266 88 2312 rum
100 2251 162 2318 loco
180 2253 297 2318 habiti.
328 2253 357 2319 li
376 2275 502 2339 semper
519 2255 689 2339 imperium
706 2255 741 2319 in
760 2255 841 2321 alios
860 2257 962 2322 multo

39 2335 198 2407 robustiores
228 2364 268 2408 ac
294 2345 507 2429 potentiores,
533 2365 574 2408 ne
601 2344 680 2428 ipsis
704 2344 845 2430 quidem,
873 2345 963 2409 dum·

39 2426 104 2492 nodo
116 2429 159 2494 ita
173 2453 245 2496 esse
266 2433 445 2518 crederent,
462 2433 733 2518 repugnantibus,
747 2433 802 2497 sed
817 2455 850 2497 se
865 2434 963 2498 etiam

16 2521 17 2524 ’
38 2511 95 2579 ultro
107 2518 361 2606 subiicientibus,
380 2525 598 2585 exercuerunt.
626 2521 810 2606 Lycurgum
825 2521 966 2607 quidem,

39 2619 86 2665 eun
107 2606 327 2692 ingrederetur
352 2611 510 2695 templum
537 2609 699 2694 Apollinis
724 2609 886 2695 Delphici,
914 2633 962 2674 sa-

39 2689 128 2779 cerdos,
148 2718 231 2780 quae
252 2697 283 2760 ei
296 2699 417 2781 templo
432 2701 591 2782 praeerat,
610 2698 755 2764 versibus
770 2699 963 2782 quibusdam

37 2777 105 2844 allata
132 2805 200 2849 esse
233 2785 386 2870 traditur,
418 2787 534 2869 quibus
567 2786 729 2872 ambigere
761 2808 795 2852 se
828 2787 967 2872 dicebat,

37 2859 147 2936 Deunne
178 2873 275 2938 illum
307 2895 350 2939 an
380 2875 546 2940 hominem
575 2876 766 2960 appellaret,
794 2879 826 2940 et
854 2897 890 2940 eo
914 2879 962 2938 ta-

35 2973 84 3020 men
113 2959 270 3026 inclinare
307 2983 344 3027 ac
379 2963 593 3048 propendere,
634 2967 672 3028 ut
707 2963 813 3028 Deum
854 2963 966 3046 potius
1047 3019 1049 3023 .

37 3061 103 3122 quan
121 3047 288 3116 hominem
307 3072 376 3116 esse
395 3052 614 3117 arbitraretur.
645 3050 758 3135 Neque
777 3055 887 3115 tamen
905 3055 963 3116 aut

34 3127 79 3210 ipse
103 3136 185 3203 inter
218 3138 505 3225 Lacedaemonios,
541 3144 598 3204 aut
628 3139 714 3204 inter
745 3138 962 3206 Athenienses

36 3213 116 3310 Solon,
147 3231 205 3292 aut
237 3228 324 3292 inter
355 3227 532 3294 Locrenses
561 3227 729 3313 Zaleucus,
762 3232 819 3293 aut
851 3251 964 3295 eorum

34 3309 183 3400 quisquam,
213 3317 268 3400 qui
296 3317 418 3382 civibus
443 3317 508 3382 suis
531 3317 619 3402 leges
647 3317 759 3382 tulisse
783 3340 964 3384 memoran-

35 3395 77 3480 tur,
102 3404 222 3468 viribus
250 3406 394 3489 corporis
421 3405 507 3471 inter
537 3428 611 3472 suos
644 3407 873 3490 excelluerunt,
906 3409 962 3470 sed

34 3482 170 3557 umentis
195 3514 235 3558 ac
258 3494 383 3560 consilii
402 3495 491 3559 illam
511 3495 572 3558 sibi
590 3497 717 3558 tantam
736 3496 963 3558 auctoritatem

16 3577 244 3688 ,potentiamque
262 3587 465 3668 pepererunt.
497 3582 558 3647 Est
576 3583 629 3647 hic
643 3582 840 3646 admirabilis
853 3603 961 3644 rerum
