<?xml version="1.0" encoding="UTF-8"?>
<!DOCTYPE html PUBLIC "-//W3C//DTD XHTML 1.0 Transitional//EN"
    "http://www.w3.org/TR/xhtml1/DTD/xhtml1-transitional.dtd">
<html xmlns="http://www.w3.org/1999/xhtml" xml:lang="en" lang="en">
 <head>
  <title>
</title>
<meta http-equiv="Content-Type" content="text/html;charset=utf-8" />
  <meta name='ocr-system' content='tesseract 3.04.00' />
  <meta name='ocr-capabilities' content='ocr_page ocr_carea ocr_par ocr_line ocrx_word'/>
</head>
<body>
  <div class='ocr_page' id='page_1' title='image "./mantoniimuretis00freygoog_0397.png"; bbox 0 0 2368 3956; ppageno 0'>
   <div class='ocr_carea' id='block_1_1' title="bbox 188 231 765 300">
    <p class='ocr_par' dir='ltr' id='par_1_1' title="bbox 188 231 765 300">
     <span class='ocr_line' id='line_1_1' title="bbox 188 231 765 300; baseline -0.003 -10"><span class='ocrx_word' id='word_1_1' title='bbox 188 239 250 300; x_wconf 80' lang='grc'>158</span> <span class='ocrx_word' id='word_1_2' title='bbox 556 231 642 290; x_wconf 80' lang='lat' dir='ltr'>VAR.</span> <span class='ocrx_word' id='word_1_3' title='bbox 661 231 765 290; x_wconf 78' lang='lat' dir='ltr'>LEGT.</span> 
     </span>
    </p>
   </div>
   <div class='ocr_carea' id='block_1_2' title="bbox 186 378 1139 734">
    <p class='ocr_par' dir='ltr' id='par_1_2' title="bbox 186 378 1139 734">
     <span class='ocr_line' id='line_1_2' title="bbox 186 378 1139 483; baseline -0.002 -39"><span class='ocrx_word' id='word_1_4' title='bbox 186 402 256 446; x_wconf 87' lang='lat' dir='ltr'>esse</span> <span class='ocrx_word' id='word_1_5' title='bbox 283 378 494 483; x_wconf 80' lang='lat' dir='ltr'>superiorem,</span> <span class='ocrx_word' id='word_1_6' title='bbox 526 379 612 464; x_wconf 91' lang='lat' dir='ltr'>quod</span> <span class='ocrx_word' id='word_1_7' title='bbox 640 378 710 481; x_wconf 75' lang='lat' dir='ltr'>ipse</span> <span class='ocrx_word' id='word_1_8' title='bbox 739 381 857 482; x_wconf 75' lang='lat' dir='ltr'>natura</span> <span class='ocrx_word' id='word_1_9' title='bbox 881 381 980 463; x_wconf 70' lang='lat' dir='ltr'>potta</span> <span class='ocrx_word' id='word_1_10' title='bbox 1012 378 1071 464; x_wconf 88' lang='lat' dir='ltr'>sit,</span> <span class='ocrx_word' id='word_1_11' title='bbox 1098 379 1139 442; x_wconf 87' lang='lat' dir='ltr'>illi</span> 
     </span>
     <span class='ocr_line' id='line_1_3' title="bbox 186 469 1139 646; baseline -0.002 -23"><span class='ocrx_word' id='word_1_12' title='bbox 186 469 754 642; x_wconf 49' lang='lat' dir='ltr'>ppltpputdsscffiipmnpppffi</span> <span class='ocrx_word' id='word_1_13' title='bbox 770 490 813 624; x_wconf 55' lang='lat' dir='ltr'>pp</span> <span class='ocrx_word' id='word_1_14' title='bbox 828 471 1068 646; x_wconf 46' lang='grc' dir='ltr'>ΞΞΠΞἭἘΒ</span> <span class='ocrx_word' id='word_1_15' title='bbox 1079 489 1139 622; x_wconf 58' lang='lat' dir='ltr'>{die</span> 
     </span>
     <span class='ocr_line' id='line_1_4' title="bbox 186 643 688 734; baseline 0 -22"><span class='ocrx_word' id='word_1_16' title='bbox 186 668 299 712; x_wconf 85' lang='lat' dir='ltr'>vorum</span> <span class='ocrx_word' id='word_1_17' title='bbox 321 646 442 712; x_wconf 79' lang='lat' dir='ltr'>similes</span> <span class='ocrx_word' id='word_1_18' title='bbox 465 667 535 712; x_wconf 80' lang='lat' dir='ltr'>esse</span> <span class='ocrx_word' id='word_1_19' title='bbox 559 643 688 734; x_wconf 73' lang='lat' dir='ltr'>dicat1).</span> 
     </span>
    </p>
   </div>
   <div class='ocr_carea' id='block_1_3' title="bbox 397 765 867 1298">
    <p class='ocr_par' dir='ltr' id='par_1_3' title="bbox 398 765 805 946">
     <span class='ocr_line' id='line_1_5' title="bbox 399 765 805 857; baseline -0.002 -21"><span class='ocrx_word' id='word_1_20' title='bbox 399 766 519 855; x_wconf 78' lang='grc' dir='ltr'><strong>σοφὸς,</strong></span> <span class='ocrx_word' id='word_1_21' title='bbox 541 771 661 857; x_wconf 89' lang='lat' dir='ltr'>inquit,</span> <span class='ocrx_word' id='word_1_22' title='bbox 684 765 702 835; x_wconf 89' lang='grc' dir='ltr'>ὁ</span> <span class='ocrx_word' id='word_1_23' title='bbox 726 774 805 836; x_wconf 79' lang='grc' dir='ltr'><em>πολ-</em></span> 
     </span>
     <span class='ocr_line' id='line_1_6' title="bbox 398 853 666 946; baseline -0.004 -22"><span class='ocrx_word' id='word_1_24' title='bbox 398 855 440 924; x_wconf 79' lang='grc' dir='ltr'>λὰ</span> <span class='ocrx_word' id='word_1_25' title='bbox 463 853 561 936; x_wconf 71' lang='grc' dir='ltr'><strong><em>εἰδώς</em></strong></span> <span class='ocrx_word' id='word_1_26' title='bbox 582 859 666 946; x_wconf 79' lang='grc' dir='ltr'><strong>φυᾷ·</strong></span> 
     </span>
    </p>

    <p class='ocr_par' dir='ltr' id='par_1_4' title="bbox 397 943 867 1298">
     <span class='ocr_line' id='line_1_7' title="bbox 398 943 783 1032; baseline -0.003 -20"><span class='ocrx_word' id='word_1_27' title='bbox 398 943 565 1032; x_wconf 79' lang='grc' dir='ltr'><strong><em>μαθόντες</em></strong></span> <span class='ocrx_word' id='word_1_28' title='bbox 588 943 640 1030; x_wconf 69' lang='lat' dir='ltr'>dl,</span> <span class='ocrx_word' id='word_1_29' title='bbox 663 943 783 1031; x_wconf 79' lang='grc' dir='ltr'><strong><em>λάβροι</em></strong></span> 
     </span>
     <span class='ocr_line' id='line_1_8' title="bbox 397 1029 867 1122; baseline 0 -22"><span class='ocrx_word' id='word_1_30' title='bbox 397 1037 628 1122; x_wconf 76' lang='grc' dir='ltr'><strong><em>παγγλωσσίᾳ,</em></strong></span> <span class='ocrx_word' id='word_1_31' title='bbox 650 1031 789 1119; x_wconf 79' lang='grc' dir='ltr'><strong><em>κόρακες</em></strong></span> <span class='ocrx_word' id='word_1_32' title='bbox 811 1029 867 1118; x_wconf 77' lang='grc' dir='ltr'>ὡς,</span> 
     </span>
     <span class='ocr_line' id='line_1_9' title="bbox 399 1119 762 1232; baseline 0 -44"><span class='ocrx_word' id='word_1_33' title='bbox 399 1119 546 1232; x_wconf 62' lang='grc' dir='ltr'><strong><em>ἄκραντα</em></strong></span> <span class='ocrx_word' id='word_1_34' title='bbox 568 1119 734 1208; x_wconf 76' lang='grc' dir='ltr'><strong><em>γαρύετον</em></strong></span> <span class='ocrx_word' id='word_1_35' title='bbox 754 1177 762 1188; x_wconf 93' lang='grc'><em>.</em></span> 
     </span>
     <span class='ocr_line' id='line_1_10' title="bbox 399 1208 861 1298; baseline 0.004 -22"><span class='ocrx_word' id='word_1_36' title='bbox 399 1217 484 1289; x_wconf 68' lang='lat' dir='ltr'>Acon</span> <span class='ocrx_word' id='word_1_37' title='bbox 505 1208 589 1298; x_wconf 81' lang='grc' dir='ltr'><strong><em>πρὸς</em></strong></span> <span class='ocrx_word' id='word_1_38' title='bbox 612 1208 730 1298; x_wconf 77' lang='grc' dir='ltr'><strong><em>ὄρνιχα</em></strong></span> <span class='ocrx_word' id='word_1_39' title='bbox 752 1213 861 1278; x_wconf 74' lang='lat' dir='ltr'>delon.</span> 
     </span>
    </p>
   </div>
   <div class='ocr_carea' id='block_1_4' title="bbox 185 1335 1143 2222">
    <p class='ocr_par' dir='ltr' id='par_1_5' title="bbox 185 1335 1143 2222">
     <span class='ocr_line' id='line_1_11' title="bbox 185 1335 1142 1423; baseline 0 -21"><span class='ocrx_word' id='word_1_40' title='bbox 185 1335 274 1422; x_wconf 83' lang='lat' dir='ltr'><strong>Apes</strong></span> <span class='ocrx_word' id='word_1_41' title='bbox 297 1335 362 1402; x_wconf 89' lang='lat' dir='ltr'>nisi</span> <span class='ocrx_word' id='word_1_42' title='bbox 383 1337 550 1402; x_wconf 76' lang='lat' dir='ltr'>irritentur</span> <span class='ocrx_word' id='word_1_43' title='bbox 572 1337 730 1402; x_wconf 82' lang='lat' dir='ltr'><strong>innocuae</strong></span> <span class='ocrx_word' id='word_1_44' title='bbox 753 1340 843 1402; x_wconf 90' lang='lat' dir='ltr'>sunt:</span> <span class='ocrx_word' id='word_1_45' title='bbox 870 1335 1016 1402; x_wconf 84' lang='lat' dir='ltr'>irritatae</span> <span class='ocrx_word' id='word_1_46' title='bbox 1044 1335 1142 1423; x_wconf 77' lang='lat' dir='ltr'>figunt</span> 
     </span>
     <span class='ocr_line' id='line_1_12' title="bbox 186 1425 1142 1512; baseline 0.002 -22"><span class='ocrx_word' id='word_1_47' title='bbox 186 1425 305 1490; x_wconf 81' lang='lat' dir='ltr'>aculeis</span> <span class='ocrx_word' id='word_1_48' title='bbox 333 1447 402 1512; x_wconf 89' lang='lat' dir='ltr'>eos,</span> <span class='ocrx_word' id='word_1_49' title='bbox 425 1447 445 1490; x_wconf 93' lang='lat' dir='ltr'>a</span> <span class='ocrx_word' id='word_1_50' title='bbox 473 1426 588 1510; x_wconf 90' lang='lat' dir='ltr'>quibus</span> <span class='ocrx_word' id='word_1_51' title='bbox 610 1427 717 1492; x_wconf 83' lang='lat' dir='ltr'>laesae</span> <span class='ocrx_word' id='word_1_52' title='bbox 741 1429 830 1510; x_wconf 86' lang='lat' dir='ltr'>sunt,</span> <span class='ocrx_word' id='word_1_53' title='bbox 857 1429 891 1490; x_wconf 89' lang='lat' dir='ltr'>et</span> <span class='ocrx_word' id='word_1_54' title='bbox 921 1426 1142 1492; x_wconf 86' lang='lat' dir='ltr'>acerbissimos</span> 
     </span>
     <span class='ocr_line' id='line_1_13' title="bbox 187 1513 1142 1600; baseline 0.002 -21"><span class='ocrx_word' id='word_1_55' title='bbox 187 1515 233 1579; x_wconf 88' lang='lat' dir='ltr'>cis</span> <span class='ocrx_word' id='word_1_56' title='bbox 256 1515 384 1580; x_wconf 90' lang='lat' dir='ltr'>dolores</span> <span class='ocrx_word' id='word_1_57' title='bbox 405 1514 566 1600; x_wconf 81' lang='lat' dir='ltr'>infligunt.</span> <span class='ocrx_word' id='word_1_58' title='bbox 593 1514 684 1579; x_wconf 89' lang='lat' dir='ltr'><strong>Idem</strong></span> <span class='ocrx_word' id='word_1_59' title='bbox 706 1514 812 1599; x_wconf 72' lang='lat' dir='ltr'>politis</span> <span class='ocrx_word' id='word_1_60' title='bbox 834 1515 1011 1600; x_wconf 83' lang='lat' dir='ltr'>ingenium.</span> <span class='ocrx_word' id='word_1_61' title='bbox 1040 1513 1142 1600; x_wconf 87' lang='lat' dir='ltr'>Nulla,</span> 
     </span>
     <span class='ocr_line' id='line_1_14' title="bbox 185 1603 1142 1688; baseline 0.003 -20"><span class='ocrx_word' id='word_1_62' title='bbox 185 1603 242 1668; x_wconf 90' lang='lat' dir='ltr'>ubi</span> <span class='ocrx_word' id='word_1_63' title='bbox 263 1625 332 1670; x_wconf 91' lang='lat' dir='ltr'>non</span> <span class='ocrx_word' id='word_1_64' title='bbox 352 1603 538 1688; x_wconf 87' lang='lat' dir='ltr'>laeduntur,</span> <span class='ocrx_word' id='word_1_65' title='bbox 559 1603 764 1668; x_wconf 74' lang='lat' dir='ltr'>innocentior</span> <span class='ocrx_word' id='word_1_66' title='bbox 785 1603 954 1669; x_wconf 89' lang='lat' dir='ltr'>hominum</span> <span class='ocrx_word' id='word_1_67' title='bbox 972 1605 1081 1671; x_wconf 86' lang='lat' dir='ltr'>natio:</span> <span class='ocrx_word' id='word_1_68' title='bbox 1102 1607 1142 1670; x_wconf 87' lang='lat' dir='ltr'>la-</span> 
     </span>
     <span class='ocr_line' id='line_1_15' title="bbox 186 1691 1142 1779; baseline 0.003 -23"><span class='ocrx_word' id='word_1_69' title='bbox 186 1691 294 1756; x_wconf 86' lang='lat' dir='ltr'>cessiti</span> <span class='ocrx_word' id='word_1_70' title='bbox 320 1692 367 1756; x_wconf 89' lang='lat' dir='ltr'>ita</span> <span class='ocrx_word' id='word_1_71' title='bbox 394 1713 428 1758; x_wconf 83' lang='lat' dir='ltr'>se</span> <span class='ocrx_word' id='word_1_72' title='bbox 455 1693 667 1777; x_wconf 87' lang='lat' dir='ltr'>ulciscuntur,</span> <span class='ocrx_word' id='word_1_73' title='bbox 690 1696 727 1757; x_wconf 90' lang='lat' dir='ltr'>ut</span> <span class='ocrx_word' id='word_1_74' title='bbox 749 1691 911 1758; x_wconf 87' lang='lat' dir='ltr'>interdum</span> <span class='ocrx_word' id='word_1_75' title='bbox 934 1714 1002 1772; x_wconf 89' lang='lat' dir='ltr'>eos,</span> <span class='ocrx_word' id='word_1_76' title='bbox 1032 1695 1142 1779; x_wconf 87' lang='lat' dir='ltr'>quibus</span> 
     </span>
     <span class='ocr_line' id='line_1_16' title="bbox 187 1779 1142 1866; baseline 0.003 -21"><span class='ocrx_word' id='word_1_77' title='bbox 187 1779 301 1845; x_wconf 87' lang='lat' dir='ltr'>offensi</span> <span class='ocrx_word' id='word_1_78' title='bbox 324 1784 425 1866; x_wconf 87' lang='lat' dir='ltr'>erant,</span> <span class='ocrx_word' id='word_1_79' title='bbox 448 1781 490 1846; x_wconf 90' lang='lat' dir='ltr'>ad</span> <span class='ocrx_word' id='word_1_80' title='bbox 511 1785 649 1846; x_wconf 86' lang='lat' dir='ltr'>mortem</span> <span class='ocrx_word' id='word_1_81' title='bbox 672 1781 818 1866; x_wconf 82' lang='lat' dir='ltr'>adegisse</span> <span class='ocrx_word' id='word_1_82' title='bbox 844 1785 1025 1848; x_wconf 80' lang='lat' dir='ltr'>narrentur.</span> <span class='ocrx_word' id='word_1_83' title='bbox 1062 1781 1142 1849; x_wconf 87' lang='lat' dir='ltr'>Nam</span> 
     </span>
     <span class='ocr_line' id='line_1_17' title="bbox 185 1869 1142 1957; baseline 0.002 -23"><span class='ocrx_word' id='word_1_84' title='bbox 185 1873 314 1954; x_wconf 84' lang='lat' dir='ltr'>praetor</span> <span class='ocrx_word' id='word_1_85' title='bbox 336 1869 378 1954; x_wconf 87' lang='lat' dir='ltr'>id,</span> <span class='ocrx_word' id='word_1_86' title='bbox 402 1870 488 1955; x_wconf 90' lang='lat' dir='ltr'>qnod</span> <span class='ocrx_word' id='word_1_87' title='bbox 511 1869 550 1934; x_wconf 91' lang='lat' dir='ltr'>de</span> <span class='ocrx_word' id='word_1_88' title='bbox 563 1869 759 1935; x_wconf 75' lang='lat' dir='ltr'>Archilocho</span> <span class='ocrx_word' id='word_1_89' title='bbox 774 1870 964 1955; x_wconf 86' lang='lat' dir='ltr'>accepimus,</span> <span class='ocrx_word' id='word_1_90' title='bbox 985 1872 1065 1936; x_wconf 87' lang='lat' dir='ltr'>novi</span> <span class='ocrx_word' id='word_1_91' title='bbox 1078 1893 1142 1957; x_wconf 83' lang='lat' dir='ltr'>ego,</span> 
     </span>
     <span class='ocr_line' id='line_1_18' title="bbox 187 1959 1142 2043; baseline 0.002 -19"><span class='ocrx_word' id='word_1_92' title='bbox 187 1959 242 2043; x_wconf 88' lang='lat' dir='ltr'>qui</span> <span class='ocrx_word' id='word_1_93' title='bbox 264 1959 325 2024; x_wconf 89' lang='lat' dir='ltr'>hac</span> <span class='ocrx_word' id='word_1_94' title='bbox 348 1962 454 2024; x_wconf 80' lang='lat' dir='ltr'>aetate</span> <span class='ocrx_word' id='word_1_95' title='bbox 466 1961 595 2024; x_wconf 87' lang='lat' dir='ltr'>tantum</span> <span class='ocrx_word' id='word_1_96' title='bbox 609 1959 754 2024; x_wconf 83' lang='lat' dir='ltr'>versibus</span> <span class='ocrx_word' id='word_1_97' title='bbox 768 1959 835 2024; x_wconf 88' lang='lat' dir='ltr'>suis</span> <span class='ocrx_word' id='word_1_98' title='bbox 848 1959 979 2026; x_wconf 88' lang='lat' dir='ltr'>inimico</span> <span class='ocrx_word' id='word_1_99' title='bbox 1002 1960 1142 2026; x_wconf 89' lang='lat' dir='ltr'>dolorem</span> 
     </span>
     <span class='ocr_line' id='line_1_19' title="bbox 185 2046 1143 2134; baseline 0.002 -22"><span class='ocrx_word' id='word_1_100' title='bbox 185 2047 353 2132; x_wconf 87' lang='lat' dir='ltr'>inusserit,</span> <span class='ocrx_word' id='word_1_101' title='bbox 383 2051 422 2112; x_wconf 90' lang='lat' dir='ltr'>ut</span> <span class='ocrx_word' id='word_1_102' title='bbox 452 2069 491 2112; x_wconf 84' lang='lat' dir='ltr'>ex</span> <span class='ocrx_word' id='word_1_103' title='bbox 517 2069 556 2114; x_wconf 87' lang='lat' dir='ltr'>eo</span> <span class='ocrx_word' id='word_1_104' title='bbox 583 2048 637 2112; x_wconf 93' lang='lat' dir='ltr'>ille</span> <span class='ocrx_word' id='word_1_105' title='bbox 665 2048 708 2113; x_wconf 90' lang='lat' dir='ltr'>sit</span> <span class='ocrx_word' id='word_1_106' title='bbox 734 2051 888 2114; x_wconf 88' lang='lat' dir='ltr'>mortuus.</span> <span class='ocrx_word' id='word_1_107' title='bbox 937 2046 1054 2134; x_wconf 88' lang='lat' dir='ltr'>Neque</span> <span class='ocrx_word' id='word_1_108' title='bbox 1080 2073 1143 2116; x_wconf 91' lang='lat' dir='ltr'>non</span> 
     </span>
     <span class='ocr_line' id='line_1_20' title="bbox 185 2135 1140 2222; baseline 0.004 -22"><span class='ocrx_word' id='word_1_109' title='bbox 185 2135 247 2201; x_wconf 91' lang='lat' dir='ltr'>hoc</span> <span class='ocrx_word' id='word_1_110' title='bbox 270 2135 309 2200; x_wconf 90' lang='lat' dir='ltr'>de</span> <span class='ocrx_word' id='word_1_111' title='bbox 332 2157 366 2202; x_wconf 89' lang='lat' dir='ltr'>ss</span> <span class='ocrx_word' id='word_1_112' title='bbox 379 2136 459 2221; x_wconf 88' lang='lat' dir='ltr'>ipsis</span> <span class='ocrx_word' id='word_1_113' title='bbox 473 2140 587 2222; x_wconf 75' lang='lat' dir='ltr'>potitae</span> <span class='ocrx_word' id='word_1_114' title='bbox 601 2137 801 2222; x_wconf 84' lang='lat' dir='ltr'>praedicant,</span> <span class='ocrx_word' id='word_1_115' title='bbox 824 2159 962 2222; x_wconf 91' lang='lat' dir='ltr'>quorum</span> <span class='ocrx_word' id='word_1_116' title='bbox 986 2140 1140 2206; x_wconf 87' lang='lat' dir='ltr'>suntilla:</span> 
     </span>
    </p>
   </div>
   <div class='ocr_carea' id='block_1_5' title="bbox 230 2259 1109 2704">
    <p class='ocr_par' dir='ltr' id='par_1_6' title="bbox 231 2259 987 2437">
     <span class='ocr_line' id='line_1_21' title="bbox 231 2259 987 2346; baseline 0.008 -20"><span class='ocrx_word' id='word_1_117' title='bbox 231 2259 323 2338; x_wconf 82' lang='lat' dir='ltr'>Once,</span> <span class='ocrx_word' id='word_1_118' title='bbox 345 2279 432 2325; x_wconf 83' lang='lat' dir='ltr'>cuce:</span> <span class='ocrx_word' id='word_1_119' title='bbox 454 2280 587 2344; x_wconf 78' lang='lat' dir='ltr'>nomque</span> <span class='ocrx_word' id='word_1_120' title='bbox 608 2261 645 2326; x_wconf 68' lang='grc' dir='ltr'>αα</span> <span class='ocrx_word' id='word_1_121' title='bbox 666 2260 766 2328; x_wconf 81' lang='lat' dir='ltr'>mulos</span> <span class='ocrx_word' id='word_1_122' title='bbox 786 2263 987 2346; x_wconf 70' lang='lat' dir='ltr'>asperrimo,</span> 
     </span>
     <span class='ocr_line' id='line_1_22' title="bbox 274 2346 753 2437; baseline 0.004 -25"><span class='ocrx_word' id='word_1_123' title='bbox 274 2347 396 2413; x_wconf 72' lang='lat' dir='ltr'>Porcia</span> <span class='ocrx_word' id='word_1_124' title='bbox 417 2349 488 2415; x_wconf 84' lang='lat' dir='ltr'>totto</span> <span class='ocrx_word' id='word_1_125' title='bbox 510 2346 666 2437; x_wconf 71' lang='lat' dir='ltr'>cormsc’).</span> <span class='ocrx_word' id='word_1_126' title='bbox 711 2352 753 2435; x_wconf 88' lang='lat' dir='ltr'>et,</span> 
     </span>
    </p>

    <p class='ocr_par' dir='ltr' id='par_1_7' title="bbox 230 2436 1109 2522">
     <span class='ocr_line' id='line_1_23' title="bbox 230 2436 1109 2522; baseline 0.003 -20"><span class='ocrx_word' id='word_1_127' title='bbox 230 2436 280 2502; x_wconf 85' lang='lat' dir='ltr'>Ne</span> <span class='ocrx_word' id='word_1_128' title='bbox 301 2438 465 2520; x_wconf 67' lang='lat' dir='ltr'>qnisquam</span> <span class='ocrx_word' id='word_1_129' title='bbox 485 2443 593 2504; x_wconf 82' lang='lat' dir='ltr'>nocent</span> <span class='ocrx_word' id='word_1_130' title='bbox 612 2438 722 2522; x_wconf 78' lang='lat' dir='ltr'>cupido</span> <span class='ocrx_word' id='word_1_131' title='bbox 744 2437 824 2504; x_wconf 74' lang='lat' dir='ltr'>milri</span> <span class='ocrx_word' id='word_1_132' title='bbox 838 2440 938 2522; x_wconf 73' lang='lat' dir='ltr'>pacis.</span> <span class='ocrx_word' id='word_1_133' title='bbox 982 2437 1031 2504; x_wconf 83' lang='lat' dir='ltr'>At</span> <span class='ocrx_word' id='word_1_134' title='bbox 1050 2437 1109 2519; x_wconf 78' lang='lat' dir='ltr'>co,</span> 
     </span>
    </p>

    <p class='ocr_par' dir='ltr' id='par_1_8' title="bbox 232 2524 1077 2612">
     <span class='ocr_line' id='line_1_24' title="bbox 232 2524 1077 2612; baseline 0.005 -22"><span class='ocrx_word' id='word_1_135' title='bbox 232 2524 294 2606; x_wconf 74' lang='lat' dir='ltr'>Qeci</span> <span class='ocrx_word' id='word_1_136' title='bbox 315 2546 363 2591; x_wconf 85' lang='lat' dir='ltr'>mc</span> <span class='ocrx_word' id='word_1_137' title='bbox 384 2527 543 2592; x_wconf 77' lang='lat' dir='ltr'>commorit</span> <span class='ocrx_word' id='word_1_138' title='bbox 564 2524 688 2610; x_wconf 70' lang='lat' dir='ltr'>(melios</span> <span class='ocrx_word' id='word_1_139' title='bbox 709 2547 773 2593; x_wconf 80' lang='lat' dir='ltr'>non</span> <span class='ocrx_word' id='word_1_140' title='bbox 794 2529 935 2612; x_wconf 74' lang='lat' dir='ltr'>tonpcrc!</span> <span class='ocrx_word' id='word_1_141' title='bbox 956 2527 1077 2612; x_wconf 69' lang='lat' dir='ltr'>clamo),</span> 
     </span>
    </p>

    <p class='ocr_par' dir='ltr' id='par_1_9' title="bbox 230 2613 959 2704">
     <span class='ocr_line' id='line_1_25' title="bbox 230 2613 959 2704; baseline -0.004 -21"><span class='ocrx_word' id='word_1_142' title='bbox 230 2613 337 2683; x_wconf 78' lang='lat' dir='ltr'>Flebit</span> <span class='ocrx_word' id='word_1_143' title='bbox 357 2620 387 2680; x_wconf 90' lang='lat' dir='ltr'>et</span> <span class='ocrx_word' id='word_1_144' title='bbox 406 2615 540 2700; x_wconf 73' lang='lat' dir='ltr'>instpm&#39;s</span> <span class='ocrx_word' id='word_1_145' title='bbox 562 2620 626 2682; x_wconf 85' lang='lat' dir='ltr'>totu</span> <span class='ocrx_word' id='word_1_146' title='bbox 647 2616 824 2682; x_wconf 73' lang='lat' dir='ltr'>cantabitur</span> <span class='ocrx_word' id='word_1_147' title='bbox 845 2613 959 2704; x_wconf 57' lang='lat' dir='ltr'>subd).</span> 
     </span>
    </p>
   </div>
   <div class='ocr_carea' id='block_1_6' title="bbox 186 2737 1141 3272">
    <p class='ocr_par' dir='ltr' id='par_1_10' title="bbox 186 2737 1141 3002">
     <span class='ocr_line' id='line_1_26' title="bbox 188 2737 1139 2826; baseline -0.001 -22"><span class='ocrx_word' id='word_1_148' title='bbox 188 2738 343 2816; x_wconf 82' lang='lat' dir='ltr'>Quocirca</span> <span class='ocrx_word' id='word_1_149' title='bbox 365 2739 459 2806; x_wconf 89' lang='lat' dir='ltr'>Plato</span> <span class='ocrx_word' id='word_1_150' title='bbox 483 2741 518 2805; x_wconf 95' lang='lat' dir='ltr'>in</span> <span class='ocrx_word' id='word_1_151' title='bbox 536 2737 680 2824; x_wconf 58' lang='lat' dir='ltr'>Minod)</span> <span class='ocrx_word' id='word_1_152' title='bbox 702 2741 859 2826; x_wconf 87' lang='lat' dir='ltr'>praecipit</span> <span class='ocrx_word' id='word_1_153' title='bbox 880 2741 935 2826; x_wconf 85' lang='lat' dir='ltr'>iis,</span> <span class='ocrx_word' id='word_1_154' title='bbox 963 2741 1020 2826; x_wconf 90' lang='lat' dir='ltr'>qui</span> <span class='ocrx_word' id='word_1_155' title='bbox 1041 2741 1139 2805; x_wconf 90' lang='lat' dir='ltr'>bonae</span> 
     </span>
     <span class='ocr_line' id='line_1_27' title="bbox 186 2827 1141 2914; baseline 0.002 -23"><span class='ocrx_word' id='word_1_156' title='bbox 186 2827 292 2894; x_wconf 88' lang='lat' dir='ltr'>famae</span> <span class='ocrx_word' id='word_1_157' title='bbox 315 2829 451 2894; x_wconf 84' lang='lat' dir='ltr'>studiosi</span> <span class='ocrx_word' id='word_1_158' title='bbox 474 2831 563 2912; x_wconf 86' lang='lat' dir='ltr'>sunt,</span> <span class='ocrx_word' id='word_1_159' title='bbox 585 2831 624 2894; x_wconf 84' lang='lat' dir='ltr'>ut</span> <span class='ocrx_word' id='word_1_160' title='bbox 646 2827 817 2914; x_wconf 81' lang='lat' dir='ltr'>diligenter</span> <span class='ocrx_word' id='word_1_161' title='bbox 839 2832 988 2914; x_wconf 77' lang='lat' dir='ltr'>caveant,</span> <span class='ocrx_word' id='word_1_162' title='bbox 1009 2849 1050 2896; x_wconf 84' lang='lat' dir='ltr'>nc</span> <span class='ocrx_word' id='word_1_163' title='bbox 1070 2849 1141 2893; x_wconf 86' lang='lat' dir='ltr'>cum</span> 
     </span>
     <span class='ocr_line' id='line_1_28' title="bbox 187 2917 708 3002; baseline 0 -20"><span class='ocrx_word' id='word_1_164' title='bbox 187 2918 291 3001; x_wconf 75' lang='lat' dir='ltr'>potitis</span> <span class='ocrx_word' id='word_1_165' title='bbox 313 2917 499 2984; x_wconf 84' lang='lat' dir='ltr'>inimicitias</span> <span class='ocrx_word' id='word_1_166' title='bbox 523 2917 708 3002; x_wconf 87' lang='lat' dir='ltr'>suscipiant.</span> 
     </span>
    </p>

    <p class='ocr_par' dir='ltr' id='par_1_11' title="bbox 188 3005 1139 3272">
     <span class='ocr_line' id='line_1_29' title="bbox 254 3005 1138 3091; baseline -0.003 -20"><span class='ocrx_word' id='word_1_167' title='bbox 254 3005 342 3090; x_wconf 86' lang='lat' dir='ltr'>Apes</span> <span class='ocrx_word' id='word_1_168' title='bbox 366 3028 383 3070; x_wconf 87' lang='lat' dir='ltr'>a</span> <span class='ocrx_word' id='word_1_169' title='bbox 405 3006 502 3072; x_wconf 86' lang='lat' dir='ltr'>variis</span> <span class='ocrx_word' id='word_1_170' title='bbox 525 3005 658 3072; x_wconf 91' lang='lat' dir='ltr'>floribus</span> <span class='ocrx_word' id='word_1_171' title='bbox 678 3008 807 3072; x_wconf 86' lang='lat' dir='ltr'>succum</span> <span class='ocrx_word' id='word_1_172' title='bbox 825 3006 1039 3091; x_wconf 85' lang='lat' dir='ltr'>exprimentes</span> <span class='ocrx_word' id='word_1_173' title='bbox 1059 3025 1138 3088; x_wconf 87' lang='lat' dir='ltr'>opus</span> 
     </span>
     <span class='ocr_line' id='line_1_30' title="bbox 188 3092 1139 3181; baseline -0.001 -24"><span class='ocrx_word' id='word_1_174' title='bbox 188 3092 408 3160; x_wconf 90' lang='lat' dir='ltr'>dulcissimum</span> <span class='ocrx_word' id='word_1_175' title='bbox 440 3094 621 3161; x_wconf 89' lang='lat' dir='ltr'>conficiunt.</span> <span class='ocrx_word' id='word_1_176' title='bbox 675 3094 795 3161; x_wconf 86' lang='lat' dir='ltr'>Po&#39;e&#39;tae</span> <span class='ocrx_word' id='word_1_177' title='bbox 832 3116 959 3180; x_wconf 90' lang='lat' dir='ltr'>quoque</span> <span class='ocrx_word' id='word_1_178' title='bbox 991 3097 1139 3181; x_wconf 82' lang='lat' dir='ltr'>vagantes</span> 
     </span>
     <span class='ocr_line' id='line_1_31' title="bbox 189 3181 1138 3272; baseline 0 -26"><span class='ocrx_word' id='word_1_179' title='bbox 189 3202 245 3266; x_wconf 90' lang='lat' dir='ltr'>per</span> <span class='ocrx_word' id='word_1_180' title='bbox 271 3183 383 3248; x_wconf 86' lang='lat' dir='ltr'>hortos</span> <span class='ocrx_word' id='word_1_181' title='bbox 410 3183 484 3250; x_wconf 86' lang='lat' dir='ltr'>illos</span> <span class='ocrx_word' id='word_1_182' title='bbox 511 3182 696 3250; x_wconf 83' lang='lat' dir='ltr'>Gratiarum</span> <span class='ocrx_word' id='word_1_183' title='bbox 724 3187 757 3252; x_wconf 86' lang='lat' dir='ltr'>et</span> <span class='ocrx_word' id='word_1_184' title='bbox 783 3181 934 3272; x_wconf 88' lang='lat' dir='ltr'>Veneris,</span> <span class='ocrx_word' id='word_1_185' title='bbox 961 3182 1138 3270; x_wconf 82' lang='lat' dir='ltr'>dequibus</span> 
     </span>
    </p>
   </div>
   <div class='ocr_carea' id='block_1_7' title="bbox 262 3373 601 3498">
    <p class='ocr_par' dir='ltr' id='par_1_12' title="bbox 262 3373 601 3498">
     <span class='ocr_line' id='line_1_32' title="bbox 262 3373 601 3498; baseline 0.009 -68"><span class='ocrx_word' id='word_1_186' title='bbox 262 3375 282 3444; x_wconf 92' lang='lat'>¹)</span> <span class='ocrx_word' id='word_1_187' title='bbox 302 3373 412 3498; x_wconf 66' lang='lat' dir='ltr'>Olymp.</span> <span class='ocrx_word' id='word_1_188' title='bbox 430 3374 464 3430; x_wconf 90' lang='lat'>11.</span> <span class='ocrx_word' id='word_1_189' title='bbox 486 3381 546 3432; x_wconf 71' lang='lat'>154.</span> <span class='ocrx_word' id='word_1_190' title='bbox 565 3394 601 3434; x_wconf 82' lang='lat' dir='ltr'>ss.</span> 
     </span>
    </p>
   </div>
   <div class='ocr_carea' id='block_1_8' title="bbox 259 3444 654 3652">
    <p class='ocr_par' dir='ltr' id='par_1_13' title="bbox 259 3444 654 3652">
     <span class='ocr_line' id='line_1_33' title="bbox 260 3444 601 3546; baseline 0.006 -46"><span class='ocrx_word' id='word_1_191' title='bbox 260 3444 280 3546; x_wconf 60' lang='grc' dir='ltr'>ζ)</span> <span class='ocrx_word' id='word_1_192' title='bbox 298 3445 365 3499; x_wconf 92' lang='lat' dir='ltr'>Hor.</span> <span class='ocrx_word' id='word_1_193' title='bbox 408 3445 474 3514; x_wconf 87' lang='lat' dir='ltr'>pod.</span> <span class='ocrx_word' id='word_1_194' title='bbox 492 3445 538 3502; x_wconf 88' lang='lat' dir='ltr'>Vl.</span> <span class='ocrx_word' id='word_1_195' title='bbox 560 3454 601 3502; x_wconf 90' lang='lat'>11.</span> 
     </span>
     <span class='ocr_line' id='line_1_34' title="bbox 259 3515 654 3652; baseline -0.008 -76"><span class='ocrx_word' id='word_1_196' title='bbox 259 3517 281 3650; x_wconf 65' lang='lat' dir='ltr'>‘d</span> <span class='ocrx_word' id='word_1_197' title='bbox 299 3515 445 3652; x_wconf 47' lang='grc' dir='ltr'><strong>ξοέἳέαέ.</strong></span> <span class='ocrx_word' id='word_1_198' title='bbox 463 3516 497 3570; x_wconf 93' lang='grc' dir='ltr'>Π.</span> <span class='ocrx_word' id='word_1_199' title='bbox 517 3523 542 3585; x_wconf 89' lang='grc'>1,</span> <span class='ocrx_word' id='word_1_200' title='bbox 560 3523 603 3572; x_wconf 84' lang='grc'>44.</span> <span class='ocrx_word' id='word_1_201' title='bbox 618 3533 654 3573; x_wconf 83' lang='lat' dir='ltr'>ss.</span> 
     </span>
    </p>
   </div>
   <div class='ocr_carea' id='block_1_9' title="bbox 0 0 1188 3956">
    <p class='ocr_par' dir='ltr' id='par_1_14' title="bbox 0 0 1188 3956">
     <span class='ocr_line' id='line_1_35' title="bbox 0 0 1188 3956; baseline 0 0"><span class='ocrx_word' id='word_1_202' title='bbox 0 0 1188 3956; x_wconf 95' lang='lat' dir='ltr'> </span> 
     </span>
    </p>
   </div>
  </div>
 </body>
</html>
