2360 3944
407 201 544 257 onemo
563 201 623 258 vu.
951 203 991 268 71

53 345 205 411 nominas?
237 346 331 430 quasi
363 364 423 432 ego
455 350 565 430 polita,
596 367 665 414 non
692 351 814 432 orator,
842 369 911 414 esse
938 370 993 416 uo-

55 435 158 502 luerim.
205 431 369 500 Nimirum
404 435 518 520 igitur,
553 456 626 500 curn
662 458 682 500 a
712 439 745 502 te
778 458 873 504 omne
906 437 993 504 alind

55 524 227 606 scriptorum
259 543 362 608 genus
395 523 589 608 abdicasses,
624 524 660 588 in
694 525 759 596 illis
790 525 994 608 eloquentiae

53 611 224 695 luminibus,
247 609 358 695 Lysia,
379 609 580 698 Hyperide*)
599 610 780 696 Andocide,
797 613 903 697 Isaeo,
925 611 993 680 Iso·

55 704 138 784 crate,
162 698 394 784 Demosthene,
425 722 522 784 quam
548 701 723 784 plurimum
757 701 820 769 olei
846 723 993 769 consum·

54 787 144 872 peisti,
155 787 189 854 in
204 788 251 854 eis
265 789 431 874 egregium
445 789 575 873 aliquod
589 789 732 856 studium
745 789 923 873 collocasti,
938 811 994 856 eos

55 897 134 960 saepe
154 877 301 962 relegens
324 877 360 942 in
382 898 512 944 succum
535 899 571 944 ac
595 881 792 963 sanguinem,
806 878 994 946 convertisti

54 968 140 1030 tuum.
172 963 291 1048 Immo,
319 966 438 1050 inquit,
466 966 668 1051 quorundam
691 988 730 1035 ex
752 967 823 1036 istis
846 967 901 1034 vix
922 967 994 1050 ipso

54 1053 168 1118 uomina
191 1074 347 1138 agnosco,
371 1055 451 1122 alios
474 1053 663 1122 aCicerone
679 1075 751 1121 meo
775 1054 994 1123 commendari

55 1141 180 1225 memini,
203 1144 259 1226 qui
281 1143 362 1208 milri
384 1145 472 1210 solus
490 1144 525 1210 in
544 1143 706 1212 amoribus
724 1164 762 1214 ac
781 1143 903 1212 deliciis
920 1143 993 1226 fuit,

55 1251 135 1312 quem
160 1251 236 1316 ego,
267 1231 448 1299 admirabili
480 1233 620 1318 quodam
651 1233 859 1317 eloquentiae·
886 1231 995 1300 studia

55 1317 269 1403 infiammatus,
294 1342 463 1404 nunquam
490 1343 528 1386 ex
555 1322 671 1406 oculis,
698 1343 737 1386 ex
763 1320 929 1404 manibus,
954 1341 994 1386 aa

56 1406 115 1469 siuu
135 1407 280 1492 deposui,
303 1409 393 1476 cuius
416 1410 450 1474 in
474 1410 602 1494 scriptis
624 1411 671 1474 ita
694 1409 834 1494 diligens
851 1429 888 1476 ac
907 1408 993 1474 solli·

56 1495 123 1558 citus
147 1495 207 1580 fui,
234 1499 285 1580 ut,
313 1498 580 1580 quemadmodum
602 1499 727 1564 nummi
750 1496 838 1562 aurei
865 1499 922 1564 ant
944 1517 994 1560 ar·

56 1583 148 1666 goniei
174 1605 193 1648 a
218 1585 378 1668 plumbeis
401 1587 531 1652 'tinnitu
563 1587 634 1670 ipso
667 1586 914 1671 dignoscuntur,
946 1584 994 1651 iu

56 1691 104 1755 ego
123 1693 216 1738 voces
240 1670 467 1740 Ciceronianae
490 1676 531 1740 ab
553 1675 607 1760 iis,
634 1697 716 1759 quae
739 1672 904 1742 Ciceronis
926 1693 995 1740 non

58 1764 130 1844 sunt,
160 1783 240 1826 sono
273 1762 344 1846 ipso
377 1763 555 1830 discernere
587 1785 625 1830 ac
657 1763 830 1831 diiudicare
862 1761 994 1846 possim.

57 1845 128 1914 Beue
154 1850 209 1934 sit,
235 1851 382 1937 inquam,
408 1851 479 1920 istis
506 1852 637 1920 auribus
663 1852 728 1922 tuis
755 1854 823 1918 tam
850 1849 995 1916 delicatis

58 1937 168 2021 nmque
197 1938 343 2022 eruditis,
371 1941 426 2006 sed
455 1962 523 2024 cur,
551 1962 683 2024 quaeso,
711 1961 784 2004 cum
807 1936 995 2004 Ciceronem

59 2027 126 2090 tanti
145 2026 261 2112 facias,
284 2049 352 2112 eos,
375 2051 455 2112 quos
478 2033 648 2112 tantopere
671 2028 711 2092 ab
735 2048 773 2092 ao
800 2025 927 2090 laudari
949 2024 995 2089 vi-

13 2115 14 2124 ’
61 2110 151 2198 debas,
182 2137 252 2180 non
284 2117 444 2201 attigisti?
488 2117 587 2201 Istos,
618 2115 739 2200 inquit,
771 2114 935 2198 legissem,
967 2111 997 2176 si

59 2197 158 2266 Graece
190 2204 346 2288 eloquens
377 2226 446 2270 esse
478 2206 659 2270 voluissem.
699 2202 835 2268 Latinae
866 2200 997 2286 quidem

59 2289 243 2374 eloquentiae
266 2293 394 2358 laudem
412 2293 576 2358 affectanti
594 2294 674 2360 satis
692 2313 761 2358 esse
779 2311 865 2358 unus
883 2287 995 2356 Cicero

59 2377 128 2444 visus
150 2384 209 2445 est.
1048 2440 1052 2448 ,

109 2465 196 2558 Quae
224 2469 301 2554 ista,
332 2472 466 2555 malum,
492 2471 594 2536 latina
622 2469 805 2555 eloquentia
836 2465 907 2534 est?
939 2469 998 2531 aut

59 2557 170 2636 quando
199 2558 370 2642 quisquam
396 2563 541 2625 veterum
572 2560 659 2624 istud
690 2559 751 2626 iter
778 2557 820 2624 ad
846 2557 998 2639 eloquen-

59 2642 122 2708 tiam
151 2645 282 2710 tenuit?
326 2645 407 2711 Mihi
444 2649 614 2732 quisquam
645 2646 862 2730 eloquentiam
893 2645 999 2724 vocat,

59 2750 117 2796 cum
146 2755 268 2820 genera
300 2755 485 2801 caussarum
521 2739 553 2800 et
588 2736 721 2802 nomina
756 2734 934 2818 figurarum
964 2733 998 2796 ct

60 2821 189 2906 uulgaria
216 2823 374 2906 quaedam
400 2828 572 2908 praecepta
599 2824 638 2888 dc
665 2820 904 2888 conformandis
927 2839 998 2884 ora·

59 2907 140 2976 tionis
167 2911 316 2995 partibus
344 2915 377 2975 et
397 2911 582 2976 huiusmodi
604 2913 737 2976 naenias
760 2909 921 2990 didiceris,
943 2927 999 3006 vo·

60 2998 131 3064 culas
158 3021 198 3063 ex
226 2995 380 3064 Cicerone
408 3001 559 3066 collectas
587 3001 795 3083 coniungere,
827 3000 859 3060 et
886 3016 925 3062 ex
952 3014 1000 3058 ers

60 3087 135 3166 quasi
152 3087 293 3152 tessellis
310 3087 452 3152 ieiunam
470 3111 507 3154 ac
525 3090 707 3154 famelicam
725 3085 906 3151 cratonem
924 3102 1000 3148 con·

59 3175 163 3259 texere,
199 3176 312 3242 sedulo
346 3180 525 3262 caventem,
561 3199 603 3242 ne
635 3176 712 3260 quid
743 3174 882 3257 dicatur,
913 3169 1001 3258 quod

60 3280 113 3326 uon
138 3268 214 3330 ante
238 3261 350 3330 Cicero
379 3265 516 3332 dixerit?
556 3264 706 3330 Picarum
733 3266 766 3328 et
787 3263 1001 3348 psittacorum

19 3479 22 3538 ἶ
102 3473 124 3540 *l
142 3473 270 3529 Muretus
289 3473 324 3528 de
337 3473 479 3544 Hyperide
492 3473 609 3543 perinde
623 3472 761 3542 loquitur,
781 3487 813 3525 ac
828 3471 852 3525 si
866 3470 925 3525 eius
940 3483 1001 3522 ora·

20 3561 22 3624 u
60 3537 148 3613 tiones,
170 3562 243 3614 quae
263 3543 369 3599 dudum
387 3545 541 3615 perierunt,
566 3543 658 3600 adhuc
676 3543 860 3614 superessent.
888 3537 1002 3594 Ruhnk.
