2326 3942
183 206 249 270 204
528 203 737 260 PRAEFATIO
755 204 790 258 11.

185 351 322 416 scienter
348 353 525 431 uterentur,
553 371 623 414 earn
653 349 708 434 qui
736 348 930 430 sustineant,
958 368 1027 412 non
1053 349 1142 412 multi

183 439 350 504 mltalia
385 439 594 521 reperiantur.
648 437 797 502 Alterum
830 437 946 500 vitium
983 439 1046 519 est,
1085 459 1141 520 quo

183 527 377 610 transalpini
403 527 497 590 multi
527 525 707 610 (fatendum
736 526 823 590 enim
851 523 914 610 est)
946 525 1142 590 laboramus:

184 616 283 700 quod,
316 638 388 680 oum
419 616 454 678 in
481 614 591 680 Latini
620 615 778 680 sermonis
806 614 967 700 elegantia
993 615 1144 678 excellere

183 705 331 788 pulcrum
357 708 521 788 putemus,
552 726 620 768 non
648 707 759 768 tamen
789 704 855 768 fere
884 703 1051 786 callemus,
1086 725 1143 787 quo

185 794 226 858 ad
263 815 334 858 eam
370 793 484 856 itinere
520 792 712 858 contendere
747 795 903 876 oporteat.
955 791 1075 876 Reque
1112 793 1145 855 de

183 883 305 947 nostris
323 883 489 966 pauciores
506 881 675 966 hactenus,
699 903 796 966 quarn
815 881 943 964 vellem,
962 881 1145 962 extiterunt,

185 972 241 1055 qui
264 993 297 1034 se
321 973 361 1034 ad
375 968 552 1054 Ciceronis,
578 970 733 1053 Terentii,
761 969 908 1035 Caesaris
930 969 1160 1034 imitationem

185 1063 422 1142 componerent.
476 1058 729 1124 Pervolutabant
760 1059 829 1122 sinc
860 1059 926 1124 ullo
963 1058 1145 1124 discrimine

186 1169 297 1212 omnes
326 1151 469 1214 omnium
502 1149 693 1230 scriptorum
726 1146 840 1229 libros,
863 1146 906 1212 'et
931 1168 970 1210 ex
1002 1148 1146 1212 omnium

186 1237 413 1302 commixtione
446 1236 571 1300 varium
603 1236 763 1321 quoddam
796 1239 829 1300 et
859 1235 1059 1300 multiforme
1092 1259 1146 1320 pro

186 1347 244 1390 suo
268 1326 402 1412 quisque
425 1325 556 1409 ingenio
571 1325 696 1389 dicendi
716 1345 819 1409 genus
843 1325 1056 1409 effingebant,
1082 1327 1161 1409 pul·¹

186 1415 294 1499 orique
322 1415 386 1479 sibi
413 1436 449 1480 ac
477 1414 564 1478 beati
586 1412 792 1496 videbantur,
820 1413 848 1478 si
875 1434 946 1478 eam
974 1431 1161 1498 consequa

185 1507 297 1568 rentur
332 1504 531 1605 facultatem,
568 1507 605 1566 ut
640 1501 679 1565 de
711 1503 806 1566 rebus
843 1502 1019 1586 propositis
1051 1505 1147 1567 verba

185 1592 318 1656 fundere
346 1592 508 1676 animique
536 1591 586 1655 sui
614 1612 726 1655 sensus
754 1591 967 1676 qualicunque
990 1593 1147 1656 orationis

186 1700 302 1764 genere
330 1681 370 1744 ad
398 1682 478 1746 alios
505 1681 646 1781 perferre
673 1684 813 1763 possent.
862 1679 989 1764 Ergo
979 1701 1016 1743 ιιι
1045 1679 1162 1774 Gallia,

187 1767 435 1853 Germaniaque,
468 1769 523 1852 qui
550 1769 695 1832 celeriter
721 1772 753 1832 et
780 1768 926 1852 expedite
955 1767 1075 1832 Latine
1108 1733 1162 1832 lo

187 1861 373 1960 querentur,
396 1856 439 1943 (si
460 1856 522 1922 hoo
540 1858 636 1922 modo
655 1860 705 1922 est
726 1855 841 1922 Latine
863 1854 1012 1942 loquis)
1000 1879 1148 1921 innume-

186 1969 252 2030 ros,
285 1947 341 2032 qui
371 1948 453 2012 bene
486 1968 523 2010 ac
555 1947 685 2028 diserte,
716 1945 769 2010 vix
800 1967 901 2010 unum
928 1949 985 2010 aut
1013 1947 1149 2011 alterum

186 2036 273 2101 haud
295 2037 343 2100 ita
364 2037 489 2120 pridem
502 2035 640 2119 reperire
662 2035 832 2117 potuisses.
854 2033 941 2098 Nam
975 2035 1057 2099 illud
1073 2059 1148 2120 quo

188 2147 262 2210 que,
295 2125 381 2208 quod
407 2125 504 2190 tertio
532 2125 602 2188 loco
629 2124 736 2207 posui,
767 2127 916 2188 nostrum
942 2144 1011 2188 non
1038 2126 1149 2207 paucis

187 2214 418 2296 impedimento
441 2217 498 2278 est.
545 2211 650 2278 Semel
672 2215 793 2276 rectam
815 2212 901 2277 viam
924 2211 1079 2298 ingressi,
1102 2214 1150 2278 vel

187 2302 473 2386 relanguescimus,
509 2302 560 2365 vel
587 2301 802 2366 mutabilitate
835 2301 973 2386 quadam
1005 2301 1149 2366 minimis

186 2391 375 2476 plerumque
398 2391 571 2454 momentis
596 2390 636 2454 ab
660 2399 707 2454 ea'
721 2389 913 2454 deducimur.

254 2478 445 2543 Indaeorum
477 2484 577 2562 essct,
609 2479 647 2543 de
678 2497 730 2542 me
761 2478 833 2560 ipso
864 2477 1049 2562 praedicare
1083 2501 1150 2562 me;

189 2568 245 2632 sed
272 2567 333 2632 hoc
361 2568 429 2632 sine
457 2568 523 2632 ulla
545 2567 687 2632 vanitate
711 2566 871 2630 affirmare
897 2589 1044 2651 possum,
1073 2591 1151 2653 qno·

187 2657 295 2721 minus
333 2656 473 2741 aliquam
509 2655 661 2741 loquendi
698 2655 920 2741 scribendique
961 2656 1150 2722 facultatem

189 2767 412 2832 consequerer,
451 2745 567 2810 horum
603 2744 684 2809 mihi
723 2743 822 2808 trium
858 2744 940 2810 nihil
976 2745 1151 2810 obstitisse.

189 2834 322 2920 Semper
347 2833 456 2898 Latini
484 2834 641 2898 sermonis
670 2833 845 2916 puritatem
867 2853 1024 2920 magnum
1051 2835 1151 2920 quod-

189 2926 264 2990 dam
287 2927 319 2988 et
340 2924 540 3007 praeclarum
567 2923 688 2986 bonum
712 2943 782 2987 esse
809 2921 902 3005 duxi3
930 2943 1057 3006 semper
1080 2946 1152 2988 eam

189 3035 228 3078 ex
254 3014 397 3097 illorum,
425 3033 506 3097 quos
532 3033 628 3094 supra
655 3011 834 3094 nominavi,
862 3011 971 3097 eisque
997 3012 1152 3076 finitimo-

187 3123 260 3166 rum
275 3103 415 3186 soriptis,
438 3101 525 3164 velut
539 3122 556 3164 e
569 3099 750 3183 purissimis
772 3099 919 3166 fontibus
940 3101 1153 3165 hauriendam

189 3194 387 3272 summotus,
415 3211 520 3274 neque
543 3211 594 3252 me
616 3190 668 3253 vel
691 3189 870 3254 debilitavit
892 3189 1013 3254 laboris
1037 3195 1153 3272 metue,

187 3277 240 3340 vel
271 3299 291 3340 a
322 3281 470 3360 suscepto
504 3278 609 3342 studio
645 3277 768 3362 ingenii
799 3277 965 3343 mobilitas
997 3279 1153 3344 avocavit.

188 3362 284 3428 Vires
310 3363 404 3447 mihi,
435 3385 476 3426 ne
503 3365 550 3446 id,
582 3365 622 3428 ad
650 3366 736 3450 quod
762 3369 833 3430 toto
860 3370 990 3450 pectore
1016 3367 1153 3450 ferebar,

188 3471 412 3536 consequerer,
436 3450 612 3516 defuerunt.
649 3453 742 3528 Quod
764 3455 869 3538 potui,
891 3455 926 3520 in
949 3475 987 3520 eo
1010 3477 1063 3520 me
1077 3477 1153 3520 con-

69 3615 72 3630 ,
189 3539 285 3624 tinui,
312 3541 349 3602 ut
375 3538 519 3621 illorum,
548 3539 603 3623 qui
629 3540 690 3605 hae
713 3543 807 3606 laude
833 3542 1023 3628 floruerant,
1051 3544 1154 3608 libros
