2328 3956
62 13 212 119 F

387 268 508 325 CAPUT
526 269 561 326 X.
888 274 949 338 131

10 415 121 500 eiusque
159 413 260 479 libros
300 413 548 500 diligentissimo
593 417 690 501 atque
731 417 950 484 assiduissims

9 505 162 586 lectitasse,
189 525 258 568 non
281 502 378 568 modo
401 503 560 568 Martialis
577 501 612 590 ¹),
641 505 696 589 qui
723 505 791 572 eius
814 527 950 572 coaevus

10 592 65 676 duit,
90 591 278 658 testimonio
307 592 541 676 cognoscimus,
569 592 625 656 sed
652 593 753 660 multo
783 595 888 680 magis
912 618 951 660 ex

11 703 38 744 eo
57 681 273 766 intelligimus,
297 680 383 764 quod
394 701 471 746 eum
484 681 587 746 multe
601 679 764 746 Ciceronis
777 684 813 746 in
835 689 951 767 po‘e'ma

12 791 86 832 suum
107 769 315 836 transtulisse
337 790 438 857 eaque
467 770 605 836 scienter
634 769 806 836 admodum
829 793 950 837 accom-

12 859 136 922 modasse
152 859 194 922 ad
209 858 276 943 illa,
300 877 380 942 quae
394 861 464 922 tum
478 858 648 941 tractabat,
670 858 823 924 videmus.
852 858 950 926 Cuius

12 948 44 1008 rei
71 948 253 1031 exemplum
290 946 344 1012 hic
375 969 475 1013 unum
511 968 692 1032 proponere
728 948 856 1012 libitum
893 953 950 1014 est.

13 1034 90 1099 Libro
119 1037 223 1120 igitur
255 1035 407 1120 septimo,
437 1056 512 1102 cum
541 1034 578 1111 Q.
604 1034 723 1102 Fabius
755 1037 951 1104 Annibalem

12 1123 182 1190 ludificando
213 1127 246 1191 et
273 1124 454 1192 cunctando
477 1127 511 1190 et
537 1124 658 1192 bellum
686 1125 844 1191 trahendo
863 1126 951 1190 fran-

14 1216 91 1296 geret,
111 1212 321 1298 Romanique
344 1213 463 1280 milites
486 1233 614 1298 pugnae
629 1213 714 1278 avidi
728 1218 761 1278 et
783 1236 950 1280 conseren-

14 1302 104 1368 darum
139 1325 218 1370 cum
254 1302 404 1368 hostibus
440 1323 596 1368 manuum
631 1302 757 1387 ingenti
794 1303 951 1369 desiderio

14 1387 125 1474 incensi,
153 1390 301 1476 ‹puidque
329 1412 422 1456 mora
452 1391 662 1474 proficeretur
690 1391 869 1456 nescientes
893 1392 951 1455 im·

16 1485 171 1558 peratorem
196 1501 303 1562 suum,
326 1482 482 1564 tanquam
505 1480 660 1564 ignarum
683 1482 723 1562 et,
746 1482 783 1544 ut
795 1477 951 1545 Horatius

17 1567 131 1650 loquitur
145 1566 183 1655 ²),
208 1567 408 1651 inaudacem,
431 1590 558 1634 summa
574 1569 745 1634 verborum
763 1567 952 1635 immodera-

17 1655 82 1720 tione
101 1659 325 1742 increparent,
352 1657 480 1741 iamque
504 1657 633 1722 sublato
661 1657 799 1722 clamore
826 1657 951 1722 iniussu

18 1741 92 1824 ipsius
125 1768 198 1812 rem
235 1744 414 1831 gerendam
450 1765 521 1811 esse
557 1745 824 1812 vociferarentur:
861 1746 952 1831 gravi

19 1835 136 1901 oratione
177 1835 343 1900 furentem
381 1835 512 1900 illorum
551 1834 708 1918 impeturn
749 1855 952 1917 represserus

20 1917 110 1989 Fabius
137 1925 186 1992 ita
217 1923 390 2006 exorditus
419 1926 456 1986 ut
484 1923 578 2005 dicat,
604 1943 771 2008 nunquam
798 1921 861 1988 sibi
887 1922 952 1987 Ro-

21 2031 114 2079 uanos.
132 2015 166 2079 in
195 2015 293 2078 tauto
322 2011 505 2078 discrimine
533 2033 693 2078 summam
719 2029 826 2076 rerum
853 2010 952 2074 tradi-

20 2101 85 2163 turos
104 2103 215 2187 fuisse,
243 2101 272 2164 si
295 2121 329 2164 se
356 2101 476 2168 talibus
504 2100 699 2168 clamoribus
721 2098 888 2164 turbatum
911 2099 951 2162 iri

22 2187 202 2256 credidissent
218 2186 261 2281 3))

49 2301 171 2371 Fervida
194 2310 227 2372 si
248 2311 337 2376 nobis
358 2313 451 2379 cordo
473 2311 695 2394 cuperemque
712 2315 877 2393 putassent

50 2391 202 2474 [merciam
221 2405 338 2480 potres,
361 2405 390 2466 et
410 2403 439 2466 st
461 2401 653 2478 clamoribus,
676 2401 785 2482 iuquit,

52 2479 173 2548 luctari
194 2486 323 2567 foralem
345 2493 491 2554 mentem:
514 2509 577 2554 non
594 2489 707 2554 ultimo
728 2508 833 2553 rerum

52 2567 86 2632 Et
104 2573 256 2656 deplorati
278 2577 477 2646 mandassent
497 2577 615 2643 Mortis
637 2577 778 2642 babeam.

25 2683 105 2760 dicero
136 2719 266 2784 quoque
296 2700 332 2766 in
365 2723 403 2768 ea
435 2701 592 2786 oratione,
628 2708 691 2786 qua
723 2696 757 2763 Ο.
784 2698 953 2764 Rabirium

26 2782 223 2856 perduellionis
250 2811 343 2854 reum
374 2791 518 2874 protexit
545 2793 578 2854 et
605 2787 731 2872 eripuit,
759 2807 831 2852 curn
863 2787 952 2871 quid-

26 2863 76 2963 dam
103 2877 196 2956 paulo
228 2879 442 2946 confidentius
475 2878 623 2962 dixisset,
659 2877 842 2961 clamorque
879 2897 952 2942 con-

27 2961 128 3052 uonalis
155 2970 285 3032 secutus
315 2971 411 3032 esset:
446 2967 537 3034 Nihil
566 2987 622 3045 ure,
649 2965 755 3049 inquit
768 2963 805 3050 ⁴),
838 2965 954 3030 clamor

26 3049 64 3106 ure
80 3060 245 3134 eommwet,
268 3055 323 3120 sed
333 3055 515 3133 consolator,
538 3075 608 3120 eam
625 3054 756 3131 iudicat,
780 3072 842 3118 esse
863 3073 953 3135 puos-

27 3127 77 3196 dcm
95 3139 165 3206 eiua
187 3144 355 3225 imperitos,
377 3145 431 3210 scd
441 3163 504 3209 uere
517 3143 637 3208 mailros.
670 3143 851 3224 ltlerupuom,
875 3143 954 3210 mibi

19 3223 113 3305 dedite,
128 3232 264 3314 populas
285 3231 450 3298 Romnum
471 3233 529 3312 tic,
551 3231 600 3298 aa
622 3232 676 3315 qud
698 3231 775 3313 silet,
798 3233 952 3300 maculem

20 3366 24 3375 Ι
80 3395 96 3466 ¹)
111 3401 203 3474 Epigr.
222 3404 283 3460 VII.
304 3412 347 3460 ea
361 3407 408 3463 xl.
430 3413 473 3462 48.

80 3467 198 3536 team.
218 3476 266 3531 111.
288 3482 331 3531 ro.
350 3481 376 3533 a.

80 3538 97 3678 ξ
112 3543 175 3670 Eup.
194 3545 262 3680 {¹111AE3
275 3553 336 3601 219.
