2328 3956
187 193 229 254 92
515 189 695 246 EPISTOLA
714 191 810 246 LXIX.

188 337 318 423 egregia
340 337 448 422 aliqua
471 335 664 422 significatio
688 336 864 400 voluntatis
891 337 926 400 in
948 357 1021 400 eum
1040 357 1121 406 meae,

186 425 317 490 Mittam
340 426 380 489 ad
403 428 435 489 te
459 426 579 508 scripta
593 423 750 510 quaedam
764 447 849 509 mea,
873 423 1061 508 simulatque
1077 425 1123 488 has

187 515 312 578 litteras
336 515 377 578 ad
399 517 432 578 te
454 514 596 598 perlatas
611 535 681 578 esse
696 535 886 598 cognovero.
917 513 961 578 M.
981 512 1124 576 Antonius

187 603 296 668 fratris
327 603 392 667 mei
419 601 454 666 F.
486 605 518 668 te
550 601 683 679 salutat,
716 603 827 667 erebro
860 603 899 667 de
930 606 963 666 te
995 604 1125 686 loquitur,

188 696 277 756 amat
303 696 349 776 te,
376 695 413 755 ut
441 691 547 768 debet,
576 713 614 754 ex
642 691 751 754 animo
780 695 812 755 11
839 691 881 755 ad
903 694 935 756 te
958 691 1124 776 propediem

189 781 315 846 scribet.
352 779 401 844 Tu
424 802 549 864 quoque
572 799 670 864 perge
685 801 793 843 amare
811 784 984 865 utrumque
998 783 1125 846 nostrum

191 873 223 934 et
245 871 325 934 vale.
348 867 480 933 Romae.
502 868 583 932 Idib.
607 867 677 932 Ian.
700 885 879 933 Monxxxn.

584 1011 745 1020 ——-—.

608 1099 723 1164 LXIX.

378 1225 427 1340 M.
455 1225 698 1299 ANTONIUS
724 1225 949 1299 MURXTUS

468 1361 589 1416 PAULO
610 1362 776 1418 SACRATO
794 1361 863 1420 SUO

637 1471 658 1511 s.
672 1471 700 1510 1).

258 1578 388 1643 Otiosus
422 1599 501 1641 sum.
550 1576 628 1642 Non
660 1597 755 1660 saepe
787 1599 942 1662 usurpare
975 1579 1055 1644 mihi
1081 1578 1127 1641 hoo

191 1667 324 1730 verbum
347 1667 430 1730 licet.
476 1665 522 1730 Ut
543 1667 651 1752 igitur,
675 1665 791 1730 siuns
813 1689 970 1752 essemus,
1000 1665 1127 1752 quicquid

192 1755 322 1820 daretur
350 1755 421 1838 otii,
455 1758 561 1818 tecum
592 1754 804 1820 libentissime
834 1778 1068 1822 consumerem:
1095 1757 1128 1818 ita

192 1866 279 1909 nunc
301 1848 407 1908 tecum
431 1842 548 1908 absens
571 1865 629 1928 per
655 1844 780 1908 litteras
808 1845 982 1928 colloquar.
1029 1843 1085 1910 Sed
1103 1851 1129 1906 ut

192 1934 278 1998 inter
299 1937 497 2018 praesentes,
521 1953 594 1996 oum
617 1932 774 1998 sermonis
798 1938 1028 2018 argumentum
1051 1934 1128 1998 deest.

194 2044 345 2106 quaerere
369 2023 502 2086 alteror
526 2022 627 2085 altero
651 2023 745 2106 solet,
769 2023 881 2106 ecquid
901 2023 980 2088 novi
1004 2021 1129 2099 audierit,

192 2117 230 2175 ut
251 2112 325 2176 inde
340 2115 492 2176 nascatur
506 2109 663 2174 sermonis
678 2111 818 2176 occasio:
841 2111 888 2175 ita
901 2111 1035 2198 fingam,
1057 2115 1085 2174 te
1101 2131 1128 2172 er

195 2223 246 2263 me
270 2221 357 2264 nunc
371 2200 537 2284 quaesiise,
560 2221 639 2262 num
662 2199 739 2283 quid
752 2200 830 2264 novi
843 2199 965 2264 Romae
991 2199 1129 2266 acciderit.

194 2287 311 2352 Utrum
339 2291 447 2352 autem
479 2288 705 2372 respondeam,
737 2288 878 2354 incertus
906 2311 992 2354 sum:
1025 2307 1128 2354 novane

193 2377 296 2442 multa
310 2375 452 2459 quotidie
476 2380 509 2440 et
522 2377 675 2442 accidisse
700 2380 732 2441 et
746 2377 897 2457 accidere,
921 2401 964 2442 en
978 2379 1058 2444 nihil
1079 2399 1128 2442 111-

194 2467 273 2530 nino
296 2465 381 2528 novi.
426 2463 511 2530 Nam
536 2469 569 2529 et
590 2467 693 2530 multa
715 2487 813 2550 nova,
841 2467 1020 2550 insperata,
1046 2465 1128 2548 inopi·

194 2557 273 2618 nata
296 2553 438 2638 quotidie
462 2553 629 2641 eveniunt,
652 2558 685 2618 et
707 2555 771 2619 alia
790 2555 928 2641 quadam
950 2558 1073 2622 ratione
1092 2575 1128 2617 ve-

194 2646 277 2729 tera,
308 2643 454 2728 vulgata,
490 2643 610 2708 usitata
641 2645 758 2709 omnia.
812 2643 889 2730 Hic,
921 2667 1017 2730 quem
1047 2663 1130 2728 nuper

195 2755 290 2798 nemo
314 2731 483 2818 adspectU,
505 2753 600 2798 nemo
625 2753 772 2798 sermone
791 2733 996 2820 dignabatur,
1018 2737 1128 2818 repente

196 2823 283 2886 dives
307 2821 452 2905 effectus,
476 2822 592 2886 colitur
614 2821 655 2885 ab
678 2822 732 2906 iis,
755 2823 810 2907 qui
825 2843 898 2888 eum
911 2823 999 2887 haud
1021 2825 1065 2888 ita
1081 2819 1128 2904 pri·

196 2910 268 2975 dem
291 2932 333 2975 ne
355 2909 598 2975 resalutandum
613 2910 741 2994 quidem
764 2931 833 2976 esse
857 2911 1037 2996 duxissent3
1058 2907 1127 2974 fasti-

197 2999 244 3063 dit
267 3021 321 3065 eos
344 2999 446 3085 ipsos,
470 3021 549 3084 quos
563 3019 667 3082 nuper
688 2999 855 3084 horrebat,
878 3001 985 3066 aditur
1006 3023 1061 3085 per
1080 2997 1128 3081 epi·

198 3088 314 3152 stolam
338 3089 378 3154 ab
401 3090 455 3166 iis,
479 3089 534 3174 qui
556 3088 674 3152 nudius
696 3089 811 3154 tertius
835 3111 920 3172 eum,
949 3089 976 3154 si
1000 3088 1070 3174 quid
1089 3106 1128 3169 pe-

196 3178 292 3253 teret,
324 3178 478 3259 postridie
511 3178 614 3242 redire
646 3178 823 3242 iussissent.
884 3177 961 3253 Quis
993 3199 1057 3244 non
1083 3176 1128 3238 hoc

198 3262 332 3326 miretur
367 3267 405 3326 ut
436 3267 577 3330 novum?
622 3263 677 3329 Fit
707 3266 761 3330 ille
801 3289 839 3330 ex
870 3267 1019 3352 gregario
1049 3265 1129 3331 milite

198 3349 393 3433 Episcopum
423 3352 506 3414 alius
530 3355 634 3418 mulos
659 3355 816 3440 stringere
840 3377 877 3420 ac
901 3355 1052 3422 defricare
1073 3351 1128 3418 soli·

198 3441 251 3501 tus
256 3487 265 3521 ,
288 3441 444 3522 tanquam
459 3459 497 3501 ex
518 3438 610 3504 fonte
634 3441 742 3526 aliquo
757 3443 883 3528 biberit,
907 3446 962 3530 qui
980 3446 1128 3530 prudentes

199 3528 232 3588 et
258 3545 366 3590 rerum
393 3525 568 3590 multarum
596 3531 797 3612 experientes
829 3533 961 3620 efficiat,
994 3531 1043 3618 (ut
1070 3532 1128 3596 olim
