2326 3942
375 205 511 263 ORATIO
530 206 630 262 XVIII.
914 205 976 269 187

34 373 103 436 quae
132 355 292 437 regnante
325 351 464 418 Romulo
497 355 554 416 aut
579 349 688 416 Numa
720 351 840 436 scripta
872 353 978 433 erant;

35 444 118 506 immo
144 461 221 506 vero
254 441 342 525 ipsas
370 439 435 504 XII
465 440 649 504 tabularum
676 441 764 525 leges
795 439 891 525 pauci
923 438 979 523 qui

34 529 239 614 intelligerem
261 529 512 613 reperiebantur.
553 528 599 592 Et
620 528 778 612 ridemus,
806 549 888 612 quae
911 527 979 592 vul-

34 619 92 703 gari
120 619 235 703 lingua
273 618 390 682 abhinc
427 617 682 703 quadringentos
718 637 822 682 annos
859 616 979 701 scripta

34 710 109 790 sumt,
130 707 229 771 hodie
252 728 321 771 non
341 707 489 792 intelligi.

36 818 263 888 uf
281 818 815 946 <atterutro-'laecum
832 817 866 873 ⁶⁴¹

250 910 261 955 ἱ
278 908 320 944 W
784 928 793 955 a

33 959 65 1014 at
80 961 210 1015 iacentum
228 962 287 1016 rita
304 961 402 1029 floreat
418 961 497 1016 modo
515 965 585 1014 nuta
602 961 751 1029 cipentquc.

32 1059 99 1124 Illae
129 1060 233 1145 igitur
263 1061 393 1146 linguae
430 1059 573 1144 quotidie
604 1060 801 1144 moriuntur,
837 1057 980 1142 quotidie

31 1153 213 1233 nascuntur,
258 1171 339 1233 quae
384 1148 528 1232 pendent
564 1170 603 1214 ex
637 1148 771 1212 libidine
810 1146 980 1231 imperitae
1050 1147 1052 1154 ’

32 1237 252 1321 multitudinis,
279 1259 358 1321 quas
387 1241 496 1302 autem
523 1257 562 1302 ex
588 1237 701 1321 populi
729 1235 882 1301 servitute
910 1256 980 1300 eru·

33 1325 163 1390 diturum
189 1349 267 1390 usus
294 1326 483 1412 vindiderit,
510 1326 584 1389 illae
612 1346 680 1390 non
707 1325 821 1390 vivunt
842 1327 980 1406 tantum,

33 1414 79 1477 sed
103 1415 383 1479 immortalitatem
411 1413 647 1498 quodammodo
675 1419 708 1478 et
738 1411 980 1476 immutabilita-

33 1507 88 1566 tem
111 1504 249 1588 adeptae
273 1506 357 1567 sunt.

88 1589 134 1656 At
167 1591 253 1675 quod
284 1591 440 1676 temporis
466 1591 502 1656 in
529 1591 650 1676 linguis
678 1589 838 1656 discendis
866 1609 980 1653 consu·

31 1681 132 1764 mitur,
160 1681 275 1746 melius
302 1680 398 1744 rebus
425 1681 503 1765 ipsis
527 1679 760 1765 cognoscendis
783 1675 981 1762 impendero-

31 1773 84 1832 tur.
118 1768 192 1834 Hoc
220 1773 448 1855 argumentum
474 1770 520 1834 ita
547 1769 676 1834 demum
703 1767 824 1852 aliquid
851 1767 981 1849 valeret,

31 1858 54 1919 si
88 1858 127 1922 ab
166 1858 238 1923 aliie
275 1857 485 1942 scriptoribus
521 1857 693 1923 verborum
728 1855 903 1941 elegantia,
940 1853 981 1918 ab

32 1947 94 2010 aliis
119 1969 230 2013 rerum
256 1947 400 2032 cognitio
427 1949 599 2031 peteretur.
638 1944 735 2010 Nunc
766 1945 813 2008 ita
839 1943 934 2008 nobis
962 1963 982 2006 a

31 2034 93 2100 Deo
123 2036 310 2102 consultum
337 2057 374 2101 ac
401 2039 607 2120 prospectum
630 2038 692 2118 est,
719 2036 757 2098 ut
783 2032 839 2118 qui
861 2029 981 2095 Graece

32 2123 203 2210 Latineque
231 2125 422 2210 politissime
450 2125 660 2208 scripserunt,
686 2121 784 2186 iidem
811 2121 910 2188 etiam
933 2141 981 2184 aa·

32 2214 223 2294 pientissima
246 2214 447 2297 scripserint:
474 2217 511 2277 ut
538 2234 606 2277 non
634 2211 674 2276 ab
702 2211 775 2275 aliis
802 2209 913 2292 verba,
941 2208 981 2271 ab

33 2302 94 2365 aliis
116 2325 227 2367 rerum
249 2303 469 2388 cognitionem
490 2305 600 2386 petere
623 2303 785 2385 oporteat,
813 2297 869 2363 red
896 2300 982 2361 utra·

33 2411 86 2470 que
118 2413 158 2455 ex
193 2390 309 2456 iisdem
344 2391 490 2456 fontibus
528 2391 640 2454 eodem
675 2393 820 2473 tempore
852 2387 982 2451 haurire

32 2478 126 2543 liceat.
168 2477 217 2544 At
243 2480 354 2544 ommia
381 2484 437 2544 aut
464 2501 481 2544 e
509 2477 631 2544 Gracco
660 2498 806 2544 sermone
833 2477 869 2540 in
896 2474 983 2540 Lati·

32 2587 103 2630 num
138 2572 197 2632 aut
234 2568 332 2632 etiam
368 2591 407 2633 ox
438 2572 575 2650 utroque
606 2569 642 2632 in
678 2589 764 2651 eum,
801 2566 856 2649 qui
886 2563 983 2628 lamiis

33 2675 151 2740 quoque
175 2660 209 2720 et
233 2657 485 2722 salsamentariis
508 2659 606 2720 notus
629 2659 692 2740 est,
719 2675 875 2720 conversa
898 2656 984 2735 sunt,

33 2744 72 2806 ita
92 2749 129 2809 ut
152 2748 210 2809 aut
232 2750 349 2811 neutro
371 2746 501 2810 illorum
519 2765 600 2828 opus
624 2744 666 2808 sit
694 2747 751 2808 aut
773 2746 858 2808 certe
882 2741 983 2817 altero

32 2837 161 2898 tanturm.
202 2833 278 2898 Heu
309 2856 361 2898 me
393 2835 557 2898 miserum!
599 2830 665 2898 Cur
695 2853 762 2898 non
793 2831 890 2896 huius
921 2828 985 2893 loci

33 2922 224 2987 consuetudo
247 2922 325 3005 fert,
348 2925 384 2986 ut
406 2923 542 3007 possim,
570 2925 726 3005 quamtum
750 2941 912 3003 cuperem,
935 2938 984 2980 ar·

32 3008 146 3074 bitratu
169 3025 242 3075 meo
267 3011 393 3075 dicere?
421 3010 588 3086 Quomodo
612 3031 673 3095 ego
696 3010 776 3072 istos
800 3008 986 3090 acciperem,

33 3099 83 3178 qui
115 3100 348 3183 interpretibus
384 3099 510 3162 fidunt?
557 3097 620 3162 Sed
653 3096 782 3180 quamdo
814 3095 847 3158 id
878 3094 985 3160 facero

32 3189 178 3271 temporis
203 3187 373 3273 angustiae
400 3187 587 3271 prohibent,
614 3185 767 3269 polliceor
794 3183 899 3268 vobis,
926 3204 987 3268 me,

33 3295 107 3356 quae
139 3277 271 3341 dabitur
303 3276 429 3340 dicendi
462 3275 601 3357 occasio,
632 3275 668 3338 im
699 3274 760 3338 hoc
793 3275 986 3358 argumento

33 3368 229 3431 versaturum
256 3387 325 3434 esse
353 3368 385 3429 et
412 3367 630 3446 ostensurum,
658 3384 755 3446 quam
782 3381 911 3426 necesse
935 3361 987 3440 sit,

81 3559 106 3622 ⁸)
124 3559 157 3614 A.
177 3558 206 3613 P.
228 3563 270 3613 60.
289 3575 348 3627 sqq.
