2360 3944
242 767 296 828 nu
319 767 518 828 eruamus
540 767 801 828 nrrruuauuu

383 920 593 1003 ORATIO
627 921 692 1002 Ι..

143 1090 265 1134 mm
278 1091 423 1134 VENERIS
436 1092 539 1134 MENSE
553 1092 682 1135 OOTOBBI
695 1092 778 1134 ANNO
791 1092 896 1134 MDLIV.

112 1251 198 1328 Quae
219 1253 349 1337 singula
370 1253 554 1318 hominibus
573 1253 614 1317 ad
633 1253 802 1318 dicendum
822 1253 998 1318 accedenti·

57 1339 107 1402 bus
124 1341 274 1406 timorem
294 1341 399 1405 facere
418 1347 666 1426 consueverunt,
684 1345 792 1426 patres
811 1343 997 1424 amplissimi

56 1450 165 1512 vosque
179 1430 278 1492 ceteri
292 1430 376 1496 cives
392 1430 602 1514 ornatissimi,
616 1452 655 1494 ea
667 1430 747 1492 mihi
761 1451 829 1493 sese
843 1429 998 1494 hodierno

57 1515 99 1578 die
115 1517 271 1581 obiiciunt
289 1519 446 1582 universa.
480 1516 552 1582 Sive
572 1519 658 1581 enim
675 1518 738 1582 loci
756 1517 933 1602 amplitudo
954 1519 999 1581 af·

56 1603 126 1668 ferre
142 1605 399 1689 perturbationis
414 1606 534 1689 aliquid
552 1609 673 1690 potest,
687 1605 833 1670 Venetiis
852 1606 999 1688 dicimus3

57 1691 112 1755 sive
125 1693 326 1756 audientium
340 1693 490 1778 dignitas,
503 1715 623 1778 magna
636 1694 882 1758 lectissimorum
897 1694 1000 1758 homi·

57 1801 122 1843 num
140 1782 291 1846 adstante
310 1781 493 1865 frequentia
507 1781 654 1864 dicimus3
673 1783 739 1846 sive
754 1783 826 1866 ipsa
844 1783 999 1847 orationis

57 1870 176 1932 materia
191 1869 382 1952 dicendique
398 1869 555 1954 conditio,
568 1871 615 1933 ita
629 1870 778 1954 dicimus,
796 1873 833 1934 ut
850 1871 892 1933 sit
905 1870 999 1934 nobis

55 1955 153 2020 eodem
175 1961 324 2041 tempore
347 1957 386 2020 de
409 1958 554 2042 ingenio,
583 1958 622 2021 de
645 1958 806 2040 doctrina,
834 1959 872 2020 de
897 1958 1000 2041 gloria

58 2046 307 2128 ornamentisque
326 2045 474 2110 omnibus
492 2045 527 2109 in
544 2045 616 2110 hoc.
627 2046 808 2109 litterarum
826 2045 999 2109 certamine

54 2132 300 2212 periclitandum.
334 2132 481 2198 Venetiis
504 2134 608 2198 dicere
631 2133 659 2197 ai
682 2133 850 2216 quisquam
873 2137 923 2196 est
946 2134 998 2216 qui

54 2240 156 2299 parum
173 2224 283 2306 putet,
302 2243 376 2285 eum
389 2242 518 2286 necesse
536 2225 586 2286 est
603 2221 638 2284 in
657 2222 869 2285 maximarum
886 2241 999 2284 earun-

55 2306 177 2392 demque
206 2312 279 2373 toto
303 2310 379 2374 orbe
402 2310 643 2374 notissimarum
665 2331 772 2374 rerum
796 2309 999 2394 ignoratione

52 2398 173 2461 versari.
206 2397 329 2480 Ecquis
348 2397 434 2461 enim
452 2401 502 2461 est
520 2397 616 2462 hodie
634 2401 702 2462 tam
720 2398 915 2482 inaccessus,
932 2401 1001 2461 tam

52 2482 86 2544 ab
99 2486 188 2548 omni
205 2486 377 2550 hominum
395 2487 558 2550 consortio
577 2489 719 2550 remotus
737 2486 772 2549 in
790 2486 883 2550 terris
901 2486 1000 2568 locus,

51 2592 105 2652 quc
127 2595 198 2638 non
221 2573 318 2638 huius
341 2574 635 2657 praestantissimae
659 2574 798 2638 civitatis
820 2573 908 2637 fama
930 2595 1000 2656 per·

51 2661 182 2724 vaserit?
217 2661 289 2745 quis
316 2663 467 2746 populus,
495 2683 577 2745 quae
604 2683 697 2746 gens,
725 2684 806 2744 quae
832 2661 1001 2726 hominum

49 2749 129 2814 natio
151 2751 207 2814 vel
230 2753 299 2812 tam
320 2750 470 2814 immanis
493 2754 590 2833 atque
612 2751 762 2834 barbara,
784 2750 836 2814 vel
858 2753 926 2813 tam
950 2771 1000 2813 ex·

50 2836 126 2900 culta
149 2837 332 2920 disciplinis
355 2841 451 2922 atque
475 2839 612 2922 artibus,
639 2861 736 2922 quam
757 2859 826 2901 non
847 2838 912 2900 iam
937 2838 1000 2920 pri·

48 2921 112 2987 dem
133 2925 368 2990 florentissima
381 2925 582 2990 Venetorum
604 2926 784 3011 respublica
806 2947 874 2990 non
897 2925 1001 3009 gloria

48 3013 134 3076 modo
163 3017 200 3077 et
229 3015 399 3096 splendore
424 3015 565 3079 nominis
593 3015 655 3098 sui,
683 3036 794 3078 verum
822 3013 919 3076 etiam
946 3013 1000 3076 ad·

47 3099 216 3167 miratione
240 3102 469 3186 compleverit?
505 3102 595 3166 Haeo
617 3124 692 3167 vero
715 3103 919 3166 firmamenta
940 3102 1000 3165 rei-

46 3189 202 3273 publicae,
242 3189 322 3253 haec
354 3194 544 3255 ornamenta
575 3190 702 3274 Italiae,
733 3190 813 3254 haec
844 3189 1002 3256 virtutum

46 3277 184 3342 omnium
214 3277 512 3362 laudandarumque
535 3279 654 3342 artium
676 3277 931 3362 praeclarissima
953 3279 1001 3343 lu·

46 3365 125 3429 mina
143 3367 333 3430 intuentem
355 3388 424 3432 non
441 3367 647 3450 commoveri,
670 3369 799 3430 tantum
820 3366 854 3430 id
873 3365 1001 3449 quidem

47 3455 99 3537 est,
125 3459 178 3539 ut,
213 3475 283 3518 non
310 3454 415 3519 dicam
441 3456 476 3518 in
503 3477 608 3520 meam
634 3454 720 3518 hanc
747 3453 1001 3518 mediocritatem

46 3539 174 3628 ingenii,
197 3542 259 3606 sed
277 3546 330 3607 vix
347 3543 382 3606 in
402 3565 594 3627 quemquam
610 3543 787 3626 hominem,
807 3543 862 3625 qui
880 3543 1000 3605 cetero-

7 3667 8 3690 1
89 3653 187 3694 Musam
201 3663 243 3695 on.
825 3651 837 3697 1
