2328 3956
167 202 212 266 46
502 199 681 256 EPISTOLA
698 199 784 257 XXX.

168 337 418 430 respondissem,
445 345 474 410 si
501 348 558 412 out
587 343 703 408 fuisset
729 343 804 427 plus
830 343 902 428 otii,
931 347 989 408 eut
1014 345 1110 409 rtatim

169 434 354 518 responderi
380 439 437 500 tua
462 433 669 498 interfuisset
714 430 797 497 Oum
824 436 857 496 et
884 453 988 496 essem
1017 435 1110 516 paulo,

170 543 266 608 quem
289 523 385 606 soleo,
408 521 601 608 occupatior,
623 519 688 584 et
678 541 713 584 ιιι
734 519 831 584 unius
845 520 909 584 diei
931 541 1022 584 mors
1040 521 1113 585 nihil

170 631 239 674 csse
261 609 456 674 incommodi
478 610 628 692 viderem,
650 608 770 673 indulsi
792 612 928 672 natiuae
949 629 1045 693 mccc,
1065 610 1115 694 qui

169 701 371 782 perspectum
391 699 544 762 haberem
561 695 750 762 facilitatem
759 699 847 761 tuae.
874 694 1041 762 Desiderio
1060 697 1116 761 tibi

170 807 240 852 esse
270 790 416 854 mutuom
447 785 711 851 consuetudinem
742 789 901 869 nostrum,
934 785 961 849 si
991 785 1042 850 uis
1069 806 1117 848 me

170 877 279 959 aperte
301 897 339 940 nc
362 875 550 959 simpliciter
571 875 669 960 loqui,
691 877 728 938 ιιι
750 894 822 938 mee
844 874 1041 940 consuetudo
1060 874 1118 938 fert

170 967 203 1027 et
229 966 267 1030 ut
291 967 404 1028 nostre
435 985 561 1028 summu
591 962 774 1028 coniunctio
801 963 958 1048 postulat,
986 962 1117 1047 gaudeo:

171 1051 318 1136 quodque
344 1052 407 1134 ipsi
429 1051 509 1115 mihi
536 1049 724 1115 admirabile
750 1051 889 1135 videtur,
912 1073 951 1116 ex
977 1051 1120 1115 molestie

169 1139 242 1222 ipsc
262 1143 320 1202 tue
339 1140 539 1222 voluptutem
554 1139 654 1224 cepio.
685 1137 772 1203 Nem
793 1159 899 1225 neque
919 1141 965 1223 tu,
987 1139 1051 1204 nisi
1072 1161 1120 1202 me

169 1227 261 1290 valde
283 1249 420 1311 meres,
447 1231 516 1292 tem
542 1228 653 1312 iniquo
681 1227 790 1318 animo
817 1227 918 1292 ferres
945 1227 1121 1291 absentiam

169 1337 284 1399 meam,
306 1320 339 1380 et
360 1316 441 1380 mihi
453 1317 536 1380 nihil
557 1315 799 1380 iucundiust
749 1319 799 1381 est
798 1337 928 1401 ,quam
945 1337 966 1378 u
986 1319 1022 1380 te
1034 1316 1121 1380 valde

170 1405 281 1470 umeri.
324 1403 449 1469 Inunc
472 1408 505 1469 et
511 1405 638 1512 dicito,
660 1425 770 1469 verum
796 1425 866 1470 esse
893 1405 974 1468 illud
995 1403 1121 1487 Euripi-

170 1492 278 1593 deum,
305 1491 339 1568 ἐς
359 1489 478 1558 κοινὸν
500 1487 627 1576 ἀλγεῖν
635 1491 661 1578 ²)
689 1514 761 1557 curn
784 1493 933 1575 duorum,
961 1493 1017 1578 qui
1041 1497 1121 1558 certe

170 1579 255 1644 inter
278 1601 312 1644 sc
334 1581 519 1646 amicissimi
543 1584 626 1664 sunt,
648 1581 766 1664 videos,
788 1582 845 1644 uni
868 1581 1000 1645 alterius
1024 1582 1122 1682 aegri-

168 1668 314 1732 tudinem
337 1682 406 1733 esse
433 1669 612 1734 iucundum.
658 1667 742 1735 Cave
764 1673 874 1734 temen
900 1671 993 1754 putes
1017 1671 1123 1734 minus

170 1777 263 1820 ame
286 1775 448 1822 sermones
469 1760 545 1823 tuos
571 1757 691 1842 requiri
714 1779 810 1843 quem
832 1779 852 1821 a
873 1761 905 1822 tc
928 1778 1028 1822 meos.
1064 1757 1123 1821 Hic

170 1845 256 1908 enim
270 1844 331 1909 etsi
345 1845 505 1910 sfflmmus
519 1846 669 1911 omnibus
684 1845 813 1930 deliciis,
830 1847 989 1972 planeque
1001 1845 1124 1910 Phaes-

171 1954 244 1997 cum
266 1933 367 1998 vitem
388 1933 534 2018 vivimus,
556 1933 613 1998 ubi

236 2087 536 2202 *εὐφροσύνη
518 2089 579 2200 μιν
597 2095 663 2177 ἔχει
685 2089 767 2164 κάτα
786 2087 939 2176 dictov'
917 2113 1062 2202 wavra,

220 2177 444 2279 Δαιτυμονες
466 2175 536 2246 d
518 2177 583 2247 ovd
600 2176 1126 2349 δώςαιλᾶἔὲἴέῗοτιιιαὲεὲιέιιοῦ,

220 2254 660 2444 ttt‘di‘ttdt‘*
698 2291 763 2354 “⁹²
909 2293 952 2356 θα
1036 2297 1049 2339 ⁶

168 2536 264 2582 nemo
285 2519 395 2584 tumen
417 2521 475 2602 est,
498 2518 554 2603 qui
575 2517 698 2602 iisdem,
721 2517 836 2603 quibus
854 2539 924 2602 nos,
943 2517 1063 2584 studiis
1078 2520 1127 2586 de

168 2605 316 2670 testetur:
339 2605 463 2670 utiam
484 2628 608 2690 verear,
631 2628 703 2670 cum
726 2607 810 2674 istuc
832 2607 955 2672 rediero
978 2611 1053 2672 tam
1076 2608 1128 2672 diu

170 2715 189 2756 c
210 2691 313 2758 Musis
336 2697 369 2758 et
391 2715 410 2758 a
433 2694 549 2760 litteris
573 2695 721 2760 omnibus
741 2695 973 2780 peregrinatusJ
995 2697 1128 2781 nequis

167 2786 319 2866 vestrum,
342 2781 459 2866 quibus
482 2782 608 2847 assidue
630 2783 665 2848 in
687 2783 778 2848 libris
797 2783 918 2856 versari
931 2783 1023 2868 -licet,
1048 2785 1128 2853 mihi

169 2869 249 2934 illud
272 2871 407 2955 eminet,

233 3004 465 3098 Ἐβαρβάρωσι
487 3007 622 3098 χρόνιος
643 3003 693 3076 civ
716 3009 753 3076 ἐν
776 3008 1000 3098 βαρβάροιςι)

168 3168 215 3233 Αι
236 3173 281 3252 ιιι,
303 3172 349 3235 mi
363 3171 462 3256 Lipsi,
486 3171 578 3237 sime
602 3170 702 3254 audie,
724 3170 888 3235 hominem
903 3171 931 3235 si
952 3192 1019 3236 non
1033 3173 1127 3237 valde

168 3257 372 3342 prudentem,
404 3263 489 3324 certe
516 3259 645 3344 quidem
675 3259 847 3342 insigniter
879 3263 1042 3324 amantem
1071 3261 1128 3344 tui,

141 3451 144 3456 ¹
244 3467 965 3538 )1ph-.Au1.408.¹)Hom.0d.*1x,csqq.

243 3537 305 3608 ’)ιι
306 3555 346 3593 ιιι.
367 3537 412 3594 Or
432 3544 493 3594 47⁵.
