2360 3944
203 176 247 239 64
579 170 716 226 onnnro
735 170 782 224 vr.

202 321 308 385 cultus
332 321 364 382 et
387 317 532 382 omnium
557 338 664 380 rerum
688 316 937 400 expetendarum
959 316 1128 380 abundantia

203 407 419 491 consequitur.
441 406 525 470 Eam
540 405 567 469 si
582 405 725 469 colerent
739 426 860 488 omnes,
873 426 1034 488 nunquam
1045 405 1128 487 tutas,

204 518 371 580 nunquam
402 495 475 559 litui
507 493 709 577 audirentur,
740 514 831 556 arma
863 495 919 556 aut
950 493 1129 556 crederentur

203 585 366 670 rubigine,
399 587 456 647 aut
481 583 517 647 in
542 583 669 666 ligones
698 603 735 645 ac
762 602 907 647 vomeres
930 581 1130 664 'conflarentur

203 673 293 756 belli,
316 673 537 754 dissensionis,
559 670 801 734 inimicitiarum
818 691 859 734 ne
878 671 1008 734 nomina
1028 670 1130 752 quiden

202 760 389 827 hominibus
417 761 548 845 cognita
575 763 690 824 essent.
732 757 825 834 Quod
853 759 930 824 scite
958 780 1031 822 sane
1056 763 1083 822 et
1104 761 1152 821 er?

203 851 328 934 patriae
361 871 437 915 suae
465 847 695 912 consuetudine
723 846 894 932 Agesilaus
923 847 1079 932 expressit
1104 868 1132 909 er

205 962 268 1023 quo
297 961 369 1004 eum
395 937 577 1021 quaesitum
604 939 702 1020 esset,
728 938 803 999 utra
830 939 915 1000 esset
942 936 1039 1000 virtus
1063 957 1131 1019 prae·

204 1029 356 1109 stantior,
384 1026 550 1090 iustitiane
574 1047 617 1089 an
638 1024 810 1108 fortitude,
832 1024 927 1108 haec,
950 1025 1061 1108 inquit,
1081 1025 1132 1087 sine

204 1117 260 1178 illa
287 1119 416 1178 tantum
444 1115 484 1178 ad
511 1113 685 1198 perniciem
708 1114 806 1196 valet,
835 1117 870 1176 at
896 1113 945 1177 illi
973 1114 999 1177 si
1024 1115 1134 1198 pareant

202 1224 330 1288 omnes,
352 1202 449 1267 huius
472 1225 548 1267 usus
571 1203 680 1268 nullus
703 1201 831 1266 futurus
855 1205 913 1266 est.
937 1267 942 1270 ,

378 1341 468 1395 Tutus
486 1341 533 1396 bos
550 1343 646 1396 etenim
659 1357 729 1396 rura
742 1341 932 1410 perambulat,

376 1412 476 1467 Nutrit
493 1429 562 1466 rura
581 1412 658 1466 Ceres
676 1414 800 1481 almaque
818 1411 981 1476 Faustitas,
1154 1432 1155 1512 p

378 1484 515 1538 Pacatum
532 1484 650 1538 uolitaret
664 1499 716 1551 per
733 1499 808 1538 mare
825 1484 950 1550 navitae,

471 1554 589 1622 Culpam
602 1556 698 1608 metuit
714 1555 788 1621 fides.

376 1623 472 1678 Nullis
485 1625 624 1692 polluitur
642 1631 718 1680 casta
735 1626 830 1680 domus
847 1626 969 1693 stupris,

378 1695 444 1747 Mos
462 1699 487 1748 et
505 1696 548 1748 lem
566 1696 732 1748 maculosam
750 1696 869 1750 edomuit
886 1696 980 1763 mesas,
1155 1692 1156 1774 l

377 1764 546 1819 Laudamur
564 1766 650 1819 simili
662 1766 743 1833 prole
757 1783 922 1835 puerperae,
1155 1777 1156 1792 ¹

470 1835 587 1904 (lupam
600 1851 692 1904 poema
705 1839 807 1905 premit
825 1853 918 1903 comcs,

204 1963 473 2048 quemadmodum
496 1963 683 2028 suavissime
706 1963 822 2028 cecinit
843 1961 1046 2050 Horatius*).
1077 1961 1140 2028 Ubi·

204 2074 330 2137 cunque
350 2054 474 2118 iustitia
490 2054 688 2136 dominatur,
705 2053 795 2117 illine
813 2052 957 2138 fraudes,
980 2054 1066 2118 illinc
1082 2050 1140 2132 doli,

204 2142 294 2205 illino
316 2141 457 2226 periuria
475 2143 636 2224 exsulant3
659 2163 727 2206 non
746 2141 895 2226 adulteri,
918 2163 989 2206 non
1006 2145 1141 2226 raptores,

203 2250 272 2292 non
295 2229 395 2311 fures,
418 2251 486 2292 non
510 2229 628 2313 sicarii,
653 2251 721 2294 non
743 2229 890 2314 venefici,
918 2252 988 2295 non
1010 2233 1142 2308 latrones,

203 2337 272 2380 non
285 2319 552 2380 testamentorum
562 2319 776 2408 subiectam,
790 2339 857 2382 non
870 2319 1053 2384 obsessores
1066 2318 1143 2382 itine-

203 2427 276 2468 rum
294 2405 510 2490 reperiuntur,
534 2427 571 2470 ea
590 2406 726 2491 denique
746 2407 981 2490 propemodum
1000 2407 1143 2485 eveniunt,

202 2515 286 2575 quae
301 2515 415 2557 aureae
435 2494 549 2558 aetatis
568 2495 753 2560 hominibus
768 2496 912 2560 evenisse
931 2499 1144 2562 memorantur.

203 2579 289 2644 Nam
312 2603 353 2646 ne
376 2585 447 2646 tum
470 2583 599 2666 quidem
621 2585 718 2648 aliam
742 2584 783 2648 ob
807 2606 956 2649 caussam

315 2703 368 2758 Ver
386 2708 446 2758 erat
463 2708 614 2770 mmmmm,
625 2705 783 2774 placideque
800 2706 951 2774 tepentibus
968 2707 1049 2764 auris

311 2775 474 2829 Muleetaat
492 2775 613 2846 Zephyri
630 2781 710 2830 matos
728 2775 786 2829 siue
804 2777 903 2831 semime
920 2779 1013 2845 tiores,

309 2846 368 2900 Nec
385 2851 532 2901 remoratus
550 2863 615 2916 aper
632 2847 756 2916 providis
774 2847 888 2902 coartat
906 2849 1015 2914 aristis,

202 2977 300 3040 quam
324 2956 478 3040 quoniam
499 2955 647 3020 homines

291 3077 394 3146 Spauta
411 3094 464 3133 sua
481 3078 540 3132 siue
558 3078 613 3148 lcpe
630 3076 710 3145 fidon
727 3079 880 3147 rectrmepue
893 3077 1064 3148 colebant**)

270 3200 383 3286 Neque
416 3203 502 3267 enim
535 3203 686 3268 debemus
717 3204 774 3267 illa
805 3206 973 3287 politarum
1004 3204 1151 3290 figmenta

202 3293 360 3374 tanquam
378 3291 489 3354 inania
502 3291 598 3356 modo
614 3291 771 3375 quaedam
786 3293 911 3358 aurium
925 3293 1153 3359 oblectamenta

257 3449 282 3516 ¹¹⁸)
302 3445 392 3501 Oarm.
410 3445 457 3501 IV.
477 3452 501 3502 6.
522 3452 562 3502 ll.

239 3519 281 3572 *tl
301 3517 381 3574 Ovid.
400 3516 586 3590 Metamorph.
608 3524 707 3574 1.107.
728 3523 756 3574 et
775 3525 817 3575 90.
