2330 3944
378 228 512 286 ORATIO
531 230 605 286 XVI.
907 234 971 298 165

34 375 114 438 etiam
148 373 291 438 nutrices
323 373 438 438 Latine
469 375 693 459 loquebantur.
737 375 863 442 Deinde
899 379 971 462 quis

34 463 112 527 hodie
136 484 195 546 pro
224 465 312 526 certo
339 463 501 527 affirmare
533 464 662 548 audeat,
694 484 767 540 cum
797 468 891 530 tanta
919 489 971 532 ve·

33 555 120 614 terum
147 550 342 634 scriptorum
369 551 457 614 facta
484 551 608 616 iactura
636 553 691 636 sit,
719 575 770 638 ea,
798 575 879 637 quae
903 555 971 638 qui·

33 639 149 702 busdam
182 639 269 723 apud
297 639 445 704 Tacitum
476 661 561 704 nova
592 641 755 725 videntur,
784 663 853 706 non
885 643 971 726 apud

33 731 136 790 veteres
164 748 293 812 quoque
321 727 355 791 in
383 751 444 792 usu
476 727 597 792 fuisse?
639 727 673 794 si
705 729 777 812 quis
808 730 904 794 hodie
935 731 990 795 in¹

33 813 186 879 Gcrmania
214 820 272 879 aut
297 815 332 890 in
354 815 491 881 Polonia
517 820 628 902 natus,
655 818 710 902 qui
732 816 862 882 Italiam
889 840 971 882 nun-

33 925 110 985 quam
127 903 276 988 vidisset,
288 925 455 988 nunquam
472 904 637 970 hominem
649 905 769 970 Italum
786 907 972 991 loquentem

33 992 180 1078 audiisset,
211 1013 333 1076 paucos
364 996 494 1058 tantum
522 994 678 1077 quosdam
704 994 805 1059 libros
832 993 971 1060 Etrusco

33 1101 159 1146 sermone
194 1081 333 1164 scriptos
364 1081 498 1166 legisset
534 1103 651 1168 eosque
683 1086 845 1167 utcunque
877 1083 971 1147 intel·

33 1169 154 1253 lerisset,
183 1173 216 1233 et
245 1169 389 1234 omnium
415 1170 615 1253 vocularum,
642 1192 723 1254 quae
749 1171 785 1235 in
812 1172 858 1236 eis
886 1172 970 1256 lege·

33 1260 137 1341 rentur,
173 1257 315 1321 indicem
350 1252 573 1343 confecisset,'s'
596 1258 709 1323 deinde
745 1257 901 1324 incideret
936 1261 972 1323 in

34 1345 153 1428 aliquem
181 1345 366 1410 Florentiae
393 1349 507 1410 natum
534 1351 567 1410 et
594 1347 778 1432 educatum,
805 1349 860 1432 qui
886 1348 971 1411 inter

34 1433 99 1497 cives
126 1456 202 1498 suos
231 1435 460 1499 disertissimus
487 1435 673 1520 haberetur,
702 1440 735 1499 11
762 1457 835 1500 eum
858 1440 976 1510 notare,

34 1523 112 1586 vellet
140 1527 310 1607 tamquam
340 1525 424 1587 male
455 1524 654 1608 loquentem,
692 1523 777 1607 quod
814 1523 972 1608 quaedam

33 1609 147 1696 diceret,
176 1633 259 1695 quae
286 1612 355 1695 ipse
382 1613 417 1675 in
445 1612 509 1676 illis
538 1613 648 1696 paucis
675 1613 766 1677 libris
795 1615 827 1676 et
853 1613 888 1676 in
915 1612 972 1676 illo

33 1720 78 1763 suc
98 1701 264 1783 praeclaro
288 1699 392 1764 indice
414 1721 482 1764 non
504 1700 650 1784 haberet,
674 1701 745 1785 quis
768 1703 915 1766 nostrum
937 1700 973 1762 in

33 1787 77 1849 lali
102 1789 286 1872 spectaculo
312 1788 413 1852 risum
436 1791 546 1853 tenere
573 1787 705 1871 posset?
741 1787 843 1872 Atqui
869 1787 972 1852 nihilo

34 1875 122 1940 minor
151 1881 267 1940 nostra
300 1876 437 1940 stultitia
469 1880 531 1961 est,
562 1877 617 1960 qui
648 1878 684 1941 in
710 1880 803 1940 tanta
829 1879 974 1940 veterum

35 1965 209 2048 scriptorum
233 1964 477 2049 disperditione,
504 1969 572 2028 tan'r
594 1966 694 2050 longo
716 1968 899 2048 temporum
925 1963 973 2025 in-

34 2053 165 2138 tervallo,
192 2055 288 2116 tanta
310 2051 419 2116 Latini
447 2053 603 2117 sermonis
632 2053 793 2117 oblivione
821 2055 854 2114 et
880 2051 972 2135 igno·

34 2141 153 2226 ratione,
196 2141 337 2224 optimae
377 2143 474 2204 notae
511 2141 682 2225 scriptores
719 2140 870 2204 damnare
906 2159 974 2202 non

34 2248 175 2314 veremur,
203 2251 341 2312 quorum
369 2229 463 2313 coqui
491 2232 524 2292 et
550 2229 708 2293 muliones
735 2230 837 2293 multo
860 2227 975 2291 melius

35 2335 115 2395 quam
137 2339 251 2382 omnes
278 2339 338 2381 nos
361 2315 476 2380 Latine
505 2320 538 2380 et
559 2317 786 2402 intelligebant
808 2320 841 2380 et
866 2317 975 2399 loque-

34 2401 144 2470 bantur.
172 2403 236 2470 Sed
258 2405 345 2469 hunc
369 2425 549 2470 sermonem
570 2405 666 2469 nimis
688 2406 724 2468 in
744 2407 880 2489 longum
902 2403 976 2468 duci

34 2491 119 2558 video.
163 2493 238 2578 Ego
274 2493 366 2558 vobis
401 2493 464 2557 hoc
500 2493 589 2558 omni
624 2493 865 2558 adseveratione
901 2512 975 2556 con-

35 2577 125 2666 111111,
150 2583 255 2646 multa
281 2582 317 2644 in
340 2581 452 2645 Tacito
479 2603 564 2646 nova
586 2581 657 2646 istis
683 2581 798 2665 videri,
826 2601 907 2664 quae
937 2601 977 2643 ex

35 2669 133 2734 ultima
169 2669 363 2753 antiquitate
399 2670 537 2753 repetita
577 2674 665 2754 sunt,
706 2690 849 2753 quaeque
891 2667 977 2751 apud

36 2752 189 2842 Catonem,
221 2757 416 2841 Varronem,
436 2755 653 2842 =Sallustium,
689 2757 846 2842 quaedam
878 2756 976 2820 etiam

35 2846 108 2926 apud
142 2844 331 2911 Ciceronem
371 2848 478 2931 ipsum
513 2847 679 2931 leguntur,
720 2845 878 2930 quaedam
912 2843 976 2907 for·

34 2933 117 2998 tussis
139 2938 273 3018 novata,
302 2935 356 2998 sed
379 2937 426 2998 ita
448 2938 485 2997 ut
507 2935 687 3019 elegantius
709 2955 777 2998 non
823 2932 977 3012 otuerint3

35 3023 177 3102 quaedam
204 3042 302 3107 parce
325 3044 363 3086 ex
385 3022 507 3088 Graeco
534 3021 625 3087 fonte
653 2956 834 3106 detonari,
861 3017 978 3101 quibus

35 3110 125 3175 cretio
173 3111 291 3195 ipsius,
339 3115 505 3195 tamquam
553 3109 676 3176 modice
727 3129 857 3193 asperso
903 3107 979 3192 sale,

34 3199 208 3264 suavissime
246 3199 423 3264 condiatur.
467 3197 512 3263 nt
546 3199 609 3264 hoc
645 3219 771 3282 quoque
807 3195 906 3261 habet
938 3195 979 3259 si·

34 3285 101 3352 mile
135 3287 347 3373 Thucydidis,
382 3288 418 3351 in
448 3309 512 3371 quo
544 3285 657 3352 Graeci
689 3286 791 3351 critici
823 3284 980 3368 quasdam

79 3427 106 3494 *1
122 3426 216 3482 Horat.
236 3427 270 3481 A.
291 3425 321 3496 Ρ.
341 3431 382 3480 11.
403 3443 443 3494 sq.

8 3547 9 3552 ,
129 3497 166 3552 Et
184 3513 260 3552 nova
278 3495 344 3550 ficta
362 3513 450 3566 nuper
467 3495 613 3550 habebunt
630 3495 717 3549 verba
734 3493 829 3561 fidem,
849 3492 873 3546 si

130 3567 234 3624 Graeco
252 3568 327 3636 scale
345 3567 458 3635 cadent,
473 3582 559 3636 poree
577 3565 691 3620 detorta.
