<?xml version="1.0" encoding="UTF-8"?>
<!DOCTYPE html PUBLIC "-//W3C//DTD XHTML 1.0 Transitional//EN"
    "http://www.w3.org/TR/xhtml1/DTD/xhtml1-transitional.dtd">
<html xmlns="http://www.w3.org/1999/xhtml" xml:lang="en" lang="en">
 <head>
  <title>
</title>
<meta http-equiv="Content-Type" content="text/html;charset=utf-8" />
  <meta name='ocr-system' content='tesseract 3.04.00' />
  <meta name='ocr-capabilities' content='ocr_page ocr_carea ocr_par ocr_line ocrx_word'/>
</head>
<body>
  <div class='ocr_page' id='page_1' title='image "./mantoniimuretis00freygoog_0241.png"; bbox 0 0 2326 3942; ppageno 0'>
   <div class='ocr_carea' id='block_1_1' title="bbox 203 207 798 274">
    <p class='ocr_par' dir='ltr' id='par_1_1' title="bbox 203 207 798 274">
     <span class='ocr_line' id='line_1_1' title="bbox 203 207 798 274; baseline 0.007 -13"><span class='ocrx_word' id='word_1_1' title='bbox 203 211 224 274; x_wconf 81' lang='grc'><em>2</em></span> <span class='ocrx_word' id='word_1_2' title='bbox 579 207 759 264; x_wconf 86' lang='lat' dir='ltr'>EPISTOLA</span> <span class='ocrx_word' id='word_1_3' title='bbox 777 212 798 265; x_wconf 90' lang='grc' dir='ltr'>Ι.</span> 
     </span>
    </p>
   </div>
   <div class='ocr_carea' id='block_1_2' title="bbox 191 353 1153 3624">
    <p class='ocr_par' dir='ltr' id='par_1_2' title="bbox 191 353 1153 3624">
     <span class='ocr_line' id='line_1_2' title="bbox 202 353 1138 440; baseline -0.001 -20"><span class='ocrx_word' id='word_1_4' title='bbox 202 359 263 420; x_wconf 88' lang='lat' dir='ltr'>tur.</span> <span class='ocrx_word' id='word_1_5' title='bbox 308 355 353 420; x_wconf 80' lang='lat' dir='ltr'>Et</span> <span class='ocrx_word' id='word_1_6' title='bbox 375 357 460 419; x_wconf 87' lang='lat' dir='ltr'>certe</span> <span class='ocrx_word' id='word_1_7' title='bbox 484 355 511 420; x_wconf 93' lang='lat' dir='ltr'>si</span> <span class='ocrx_word' id='word_1_8' title='bbox 537 355 669 418; x_wconf 87' lang='lat' dir='ltr'>vascula</span> <span class='ocrx_word' id='word_1_9' title='bbox 696 353 867 440; x_wconf 79' lang='lat' dir='ltr'>quaedam,</span> <span class='ocrx_word' id='word_1_10' title='bbox 895 353 1010 439; x_wconf 87' lang='lat' dir='ltr'>quibus</span> <span class='ocrx_word' id='word_1_11' title='bbox 1035 354 1080 418; x_wconf 92' lang='lat' dir='ltr'>illi</span> <span class='ocrx_word' id='word_1_12' title='bbox 1101 357 1138 419; x_wconf 89' lang='lat' dir='ltr'>usi</span> 
     </span>
     <span class='ocr_line' id='line_1_3' title="bbox 203 442 1138 528; baseline 0.001 -21"><span class='ocrx_word' id='word_1_13' title='bbox 203 447 303 528; x_wconf 68' lang='lat' dir='ltr'>erant,</span> <span class='ocrx_word' id='word_1_14' title='bbox 326 448 359 508; x_wconf 89' lang='lat' dir='ltr'>et</span> <span class='ocrx_word' id='word_1_15' title='bbox 382 443 453 527; x_wconf 89' lang='lat' dir='ltr'>alia,</span> <span class='ocrx_word' id='word_1_16' title='bbox 476 463 558 528; x_wconf 90' lang='lat' dir='ltr'>quae</span> <span class='ocrx_word' id='word_1_17' title='bbox 576 443 737 508; x_wconf 84' lang='lat' dir='ltr'>incorum</span> <span class='ocrx_word' id='word_1_18' title='bbox 760 442 956 526; x_wconf 76' lang='lat' dir='ltr'>supellectile</span> <span class='ocrx_word' id='word_1_19' title='bbox 979 464 1016 506; x_wconf 91' lang='lat' dir='ltr'>ac</span> <span class='ocrx_word' id='word_1_20' title='bbox 1037 443 1138 508; x_wconf 85' lang='lat' dir='ltr'>frivolis</span> 
     </span>
     <span class='ocr_line' id='line_1_4' title="bbox 202 530 1138 615; baseline -0.002 -19"><span class='ocrx_word' id='word_1_21' title='bbox 202 532 339 614; x_wconf 84' lang='lat' dir='ltr'>fuerant,</span> <span class='ocrx_word' id='word_1_22' title='bbox 361 532 497 596; x_wconf 83' lang='lat' dir='ltr'><strong>mortuis</strong></span> <span class='ocrx_word' id='word_1_23' title='bbox 519 532 613 615; x_wconf 88' lang='lat' dir='ltr'>ipsis,</span> <span class='ocrx_word' id='word_1_24' title='bbox 637 530 769 614; x_wconf 90' lang='lat' dir='ltr'>cupidos</span> <span class='ocrx_word' id='word_1_25' title='bbox 792 533 932 595; x_wconf 87' lang='lat' dir='ltr'>emtores</span> <span class='ocrx_word' id='word_1_26' title='bbox 954 530 1138 595; x_wconf 87' lang='lat' dir='ltr'>invenerunt:</span> 
     </span>
     <span class='ocr_line' id='line_1_5' title="bbox 203 618 1139 705; baseline 0 -21"><span class='ocrx_word' id='word_1_27' title='bbox 203 620 363 705; x_wconf 91' lang='lat' dir='ltr'>quomodo</span> <span class='ocrx_word' id='word_1_28' title='bbox 385 620 548 684; x_wconf 89' lang='lat' dir='ltr'>lucernam</span> <span class='ocrx_word' id='word_1_29' title='bbox 570 619 712 703; x_wconf 73' lang='lat' dir='ltr'>Epicteti</span> <span class='ocrx_word' id='word_1_30' title='bbox 739 619 827 683; x_wconf 91' lang='lat' dir='ltr'>mille</span> <span class='ocrx_word' id='word_1_31' title='bbox 850 618 1026 702; x_wconf 86' lang='lat' dir='ltr'>drachmis,</span> <span class='ocrx_word' id='word_1_32' title='bbox 1051 619 1139 684; x_wconf 85' lang='lat' dir='ltr'>Protei</span> 
     </span>
     <span class='ocr_line' id='line_1_6' title="bbox 203 707 1139 791; baseline -0.002 -17"><span class='ocrx_word' id='word_1_33' title='bbox 203 707 303 774; x_wconf 82' lang='lat' dir='ltr'>Stoici</span> <span class='ocrx_word' id='word_1_34' title='bbox 324 708 475 773; x_wconf 91' lang='lat' dir='ltr'>baculum</span> <span class='ocrx_word' id='word_1_35' title='bbox 496 707 619 772; x_wconf 88' lang='lat' dir='ltr'>talento</span> <span class='ocrx_word' id='word_1_36' title='bbox 642 707 808 772; x_wconf 86' lang='lat' dir='ltr'>venditum</span> <span class='ocrx_word' id='word_1_37' title='bbox 835 707 1031 791; x_wconf 87' lang='lat' dir='ltr'>accepimus:</span> <span class='ocrx_word' id='word_1_38' title='bbox 1058 709 1139 772; x_wconf 87' lang='lat' dir='ltr'>multo</span> 
     </span>
     <span class='ocr_line' id='line_1_7' title="bbox 202 795 1140 882; baseline -0.002 -20"><span class='ocrx_word' id='word_1_39' title='bbox 202 797 307 882; x_wconf 89' lang='lat' dir='ltr'>magis</span> <span class='ocrx_word' id='word_1_40' title='bbox 340 818 451 862; x_wconf 91' lang='lat' dir='ltr'>eorum</span> <span class='ocrx_word' id='word_1_41' title='bbox 479 795 656 880; x_wconf 87' lang='lat' dir='ltr'>quamlibet</span> <span class='ocrx_word' id='word_1_42' title='bbox 677 799 790 861; x_wconf 88' lang='lat' dir='ltr'>tenues</span> <span class='ocrx_word' id='word_1_43' title='bbox 818 799 852 860; x_wconf 91' lang='lat' dir='ltr'>et</span> <span class='ocrx_word' id='word_1_44' title='bbox 881 797 981 861; x_wconf 85' lang='lat' dir='ltr'>exiles</span> <span class='ocrx_word' id='word_1_45' title='bbox 1010 797 1140 881; x_wconf 86' lang='lat' dir='ltr'>epistolae</span> 
     </span>
     <span class='ocr_line' id='line_1_8' title="bbox 202 882 1139 970; baseline -0.001 -22"><span class='ocrx_word' id='word_1_46' title='bbox 202 885 237 948; x_wconf 90' lang='lat' dir='ltr'>in</span> <span class='ocrx_word' id='word_1_47' title='bbox 259 886 364 969; x_wconf 90' lang='lat' dir='ltr'>pretio</span> <span class='ocrx_word' id='word_1_48' title='bbox 387 906 457 950; x_wconf 89' lang='lat' dir='ltr'>esse</span> <span class='ocrx_word' id='word_1_49' title='bbox 480 885 606 950; x_wconf 87' lang='lat' dir='ltr'>debent</span> <span class='ocrx_word' id='word_1_50' title='bbox 639 882 702 949; x_wconf 85' lang='lat' dir='ltr'>Sed</span> <span class='ocrx_word' id='word_1_51' title='bbox 725 903 786 970; x_wconf 89' lang='lat' dir='ltr'>ego</span> <span class='ocrx_word' id='word_1_52' title='bbox 803 885 884 949; x_wconf 90' lang='lat' dir='ltr'>baec</span> <span class='ocrx_word' id='word_1_53' title='bbox 906 885 1018 950; x_wconf 90' lang='lat' dir='ltr'>omnia</span> <span class='ocrx_word' id='word_1_54' title='bbox 1039 906 1139 949; x_wconf 87' lang='lat' dir='ltr'>mecuu</span> 
     </span>
     <span class='ocr_line' id='line_1_9' title="bbox 204 973 1141 1059; baseline -0.002 -21"><span class='ocrx_word' id='word_1_55' title='bbox 204 975 347 1059; x_wconf 87' lang='lat' dir='ltr'>agitans,</span> <span class='ocrx_word' id='word_1_56' title='bbox 370 995 517 1038; x_wconf 76' lang='lat' dir='ltr'>caussam</span> <span class='ocrx_word' id='word_1_57' title='bbox 538 976 649 1037; x_wconf 88' lang='lat' dir='ltr'>tamen</span> <span class='ocrx_word' id='word_1_58' title='bbox 671 973 810 1056; x_wconf 89' lang='lat' dir='ltr'>reperire</span> <span class='ocrx_word' id='word_1_59' title='bbox 840 974 965 1038; x_wconf 90' lang='lat' dir='ltr'>nullam</span> <span class='ocrx_word' id='word_1_60' title='bbox 989 994 1080 1058; x_wconf 87' lang='lat' dir='ltr'>queo,</span> <span class='ocrx_word' id='word_1_61' title='bbox 1100 996 1141 1038; x_wconf 87' lang='lat' dir='ltr'>cur</span> 
     </span>
     <span class='ocr_line' id='line_1_10' title="bbox 204 1061 1139 1147; baseline -0.003 -21"><span class='ocrx_word' id='word_1_62' title='bbox 204 1063 344 1147; x_wconf 81' lang='lat' dir='ltr'>aliquem</span> <span class='ocrx_word' id='word_1_63' title='bbox 376 1061 584 1145; x_wconf 88' lang='lat' dir='ltr'>epistolarum</span> <span class='ocrx_word' id='word_1_64' title='bbox 612 1082 757 1127; x_wconf 87' lang='lat' dir='ltr'>mearum</span> <span class='ocrx_word' id='word_1_65' title='bbox 788 1061 907 1126; x_wconf 90' lang='lat' dir='ltr'>librum</span> <span class='ocrx_word' id='word_1_66' title='bbox 933 1061 1049 1126; x_wconf 71' lang='lat' dir='ltr'>videre*</span> <span class='ocrx_word' id='word_1_67' title='bbox 1068 1062 1139 1125; x_wconf 83' lang='lat' dir='ltr'>multi</span> 
     </span>
     <span class='ocr_line' id='line_1_11' title="bbox 203 1149 1140 1235; baseline -0.001 -21"><span class='ocrx_word' id='word_1_68' title='bbox 203 1151 289 1234; x_wconf 83' lang='lat' dir='ltr'>istic,</span> <span class='ocrx_word' id='word_1_69' title='bbox 315 1153 353 1214; x_wconf 89' lang='lat' dir='ltr'>ut</span> <span class='ocrx_word' id='word_1_70' title='bbox 379 1150 506 1234; x_wconf 90' lang='lat' dir='ltr'>scribis,</span> <span class='ocrx_word' id='word_1_71' title='bbox 539 1150 695 1234; x_wconf 90' lang='lat' dir='ltr'>elegantis</span> <span class='ocrx_word' id='word_1_72' title='bbox 722 1149 847 1235; x_wconf 90' lang='lat' dir='ltr'>ingenii</span> <span class='ocrx_word' id='word_1_73' title='bbox 873 1150 1024 1216; x_wconf 89' lang='lat' dir='ltr'>homines</span> <span class='ocrx_word' id='word_1_74' title='bbox 1050 1171 1140 1214; x_wconf 85' lang='lat' dir='ltr'>concu-</span> 
     </span>
     <span class='ocr_line' id='line_1_12' title="bbox 191 1236 1139 1322; baseline -0.002 -20"><span class='ocrx_word' id='word_1_75' title='bbox 191 1239 338 1322; x_wconf 82' lang='lat' dir='ltr'>piscant</span> <span class='ocrx_word' id='word_1_76' title='bbox 384 1236 457 1302; x_wconf 87' lang='lat' dir='ltr'>Sive</span> <span class='ocrx_word' id='word_1_77' title='bbox 489 1238 575 1302; x_wconf 90' lang='lat' dir='ltr'>enim</span> <span class='ocrx_word' id='word_1_78' title='bbox 606 1237 740 1303; x_wconf 87' lang='lat' dir='ltr'>Latinas</span> <span class='ocrx_word' id='word_1_79' title='bbox 771 1238 896 1303; x_wconf 82' lang='lat' dir='ltr'>litteras</span> <span class='ocrx_word' id='word_1_80' title='bbox 924 1243 1038 1302; x_wconf 88' lang='lat' dir='ltr'>amant</span> <span class='ocrx_word' id='word_1_81' title='bbox 1062 1239 1139 1302; x_wconf 85' lang='lat' dir='ltr'>etad</span> 
     </span>
     <span class='ocr_line' id='line_1_13' title="bbox 204 1325 1139 1413; baseline -0.001 -23"><span class='ocrx_word' id='word_1_82' title='bbox 204 1327 345 1413; x_wconf 84' lang='lat' dir='ltr'>aliquam</span> <span class='ocrx_word' id='word_1_83' title='bbox 371 1325 486 1390; x_wconf 86' lang='lat' dir='ltr'>Latine</span> <span class='ocrx_word' id='word_1_84' title='bbox 514 1326 674 1391; x_wconf 89' lang='lat' dir='ltr'>scribendi</span> <span class='ocrx_word' id='word_1_85' title='bbox 700 1327 887 1392; x_wconf 85' lang='lat' dir='ltr'>facultatem</span> <span class='ocrx_word' id='word_1_86' title='bbox 913 1327 1079 1410; x_wconf 82' lang='lat' dir='ltr'>pervenire</span> <span class='ocrx_word' id='word_1_87' title='bbox 1104 1348 1139 1390; x_wconf 86' lang='lat' dir='ltr'>cu-</span> 
     </span>
     <span class='ocr_line' id='line_1_14' title="bbox 203 1414 1140 1502; baseline -0.003 -22"><span class='ocrx_word' id='word_1_88' title='bbox 203 1417 310 1500; x_wconf 88' lang='lat' dir='ltr'>piunt:</span> <span class='ocrx_word' id='word_1_89' title='bbox 339 1416 549 1502; x_wconf 85' lang='lat' dir='ltr'>quisquamne</span> <span class='ocrx_word' id='word_1_90' title='bbox 572 1418 635 1500; x_wconf 86' lang='lat' dir='ltr'>est,</span> <span class='ocrx_word' id='word_1_91' title='bbox 658 1416 726 1500; x_wconf 90' lang='lat' dir='ltr'>qui,</span> <span class='ocrx_word' id='word_1_92' title='bbox 754 1437 827 1480; x_wconf 90' lang='lat' dir='ltr'>cum</span> <span class='ocrx_word' id='word_1_93' title='bbox 856 1419 969 1480; x_wconf 86' lang='lat' dir='ltr'>extent</span> <span class='ocrx_word' id='word_1_94' title='bbox 992 1414 1140 1496; x_wconf 81' lang='lat' dir='ltr'>Ciceronis,</span> 
     </span>
     <span class='ocr_line' id='line_1_15' title="bbox 204 1503 1140 1590; baseline -0.005 -21"><span class='ocrx_word' id='word_1_95' title='bbox 204 1503 352 1590; x_wconf 82' lang='lat' dir='ltr'>Senecae,</span> <span class='ocrx_word' id='word_1_96' title='bbox 365 1503 462 1570; x_wconf 90' lang='lat' dir='ltr'>Plinii</span> <span class='ocrx_word' id='word_1_97' title='bbox 476 1503 640 1587; x_wconf 90' lang='lat' dir='ltr'>epistolae,</span> <span class='ocrx_word' id='word_1_98' title='bbox 662 1525 729 1568; x_wconf 88' lang='lat' dir='ltr'>non</span> <span class='ocrx_word' id='word_1_99' title='bbox 743 1503 848 1568; x_wconf 90' lang='lat' dir='ltr'>dicam</span> <span class='ocrx_word' id='word_1_100' title='bbox 871 1525 910 1568; x_wconf 82' lang='lat' dir='ltr'>ex</span> <span class='ocrx_word' id='word_1_101' title='bbox 932 1505 1026 1588; x_wconf 88' lang='lat' dir='ltr'>meis,</span> <span class='ocrx_word' id='word_1_102' title='bbox 1048 1504 1096 1568; x_wconf 90' lang='lat' dir='ltr'>sed</span> <span class='ocrx_word' id='word_1_103' title='bbox 1114 1525 1140 1564; x_wconf 81' lang='lat' dir='ltr'>er</span> 
     </span>
     <span class='ocr_line' id='line_1_16' title="bbox 204 1591 1139 1678; baseline -0.004 -21"><span class='ocrx_word' id='word_1_104' title='bbox 204 1595 401 1678; x_wconf 87' lang='lat' dir='ltr'>cujusquam,</span> <span class='ocrx_word' id='word_1_105' title='bbox 425 1592 554 1677; x_wconf 90' lang='lat' dir='ltr'>quibis</span> <span class='ocrx_word' id='word_1_106' title='bbox 578 1592 665 1656; x_wconf 91' lang='lat' dir='ltr'>mille</span> <span class='ocrx_word' id='word_1_107' title='bbox 689 1592 783 1656; x_wconf 88' lang='lat' dir='ltr'>annis</span> <span class='ocrx_word' id='word_1_108' title='bbox 806 1593 930 1675; x_wconf 85' lang='lat' dir='ltr'>vixerit,</span> <span class='ocrx_word' id='word_1_109' title='bbox 943 1591 1077 1657; x_wconf 83' lang='lat' dir='ltr'>Latinae</span> <span class='ocrx_word' id='word_1_110' title='bbox 1096 1593 1139 1654; x_wconf 87' lang='lat' dir='ltr'>lin·</span> 
     </span>
     <span class='ocr_line' id='line_1_17' title="bbox 204 1679 1139 1766; baseline -0.003 -22"><span class='ocrx_word' id='word_1_111' title='bbox 204 1702 285 1766; x_wconf 89' lang='lat' dir='ltr'>guae</span> <span class='ocrx_word' id='word_1_112' title='bbox 317 1685 374 1744; x_wconf 90' lang='lat' dir='ltr'>aut</span> <span class='ocrx_word' id='word_1_113' title='bbox 404 1679 625 1764; x_wconf 82' lang='lat' dir='ltr'>integritatem</span> <span class='ocrx_word' id='word_1_114' title='bbox 656 1684 713 1745; x_wconf 90' lang='lat' dir='ltr'>aut</span> <span class='ocrx_word' id='word_1_115' title='bbox 744 1681 870 1764; x_wconf 90' lang='lat' dir='ltr'>copiam</span> <span class='ocrx_word' id='word_1_116' title='bbox 900 1681 964 1746; x_wconf 90' lang='lat' dir='ltr'>sibi</span> <span class='ocrx_word' id='word_1_117' title='bbox 992 1679 1139 1766; x_wconf 83' lang='lat' dir='ltr'>petendam</span> 
     </span>
     <span class='ocr_line' id='line_1_18' title="bbox 203 1767 1153 1854; baseline -0.002 -22"><span class='ocrx_word' id='word_1_118' title='bbox 203 1768 317 1852; x_wconf 77' lang='lat' dir='ltr'>putet?</span> <span class='ocrx_word' id='word_1_119' title='bbox 361 1767 451 1834; x_wconf 87' lang='lat' dir='ltr'>Idem</span> <span class='ocrx_word' id='word_1_120' title='bbox 474 1769 573 1832; x_wconf 90' lang='lat' dir='ltr'>etiam</span> <span class='ocrx_word' id='word_1_121' title='bbox 596 1769 635 1833; x_wconf 90' lang='lat' dir='ltr'>de</span> <span class='ocrx_word' id='word_1_122' title='bbox 658 1769 713 1834; x_wconf 92' lang='lat' dir='ltr'>illo</span> <span class='ocrx_word' id='word_1_123' title='bbox 738 1770 952 1854; x_wconf 87' lang='lat' dir='ltr'>qualicunque</span> <span class='ocrx_word' id='word_1_124' title='bbox 978 1769 1153 1835; x_wconf 64' lang='lat' dir='ltr'>scribendae</span> 
     </span>
     <span class='ocr_line' id='line_1_19' title="bbox 204 1856 1139 1941; baseline -0.004 -20"><span class='ocrx_word' id='word_1_125' title='bbox 204 1857 358 1941; x_wconf 89' lang='lat' dir='ltr'>epistolae</span> <span class='ocrx_word' id='word_1_126' title='bbox 391 1857 524 1922; x_wconf 91' lang='lat' dir='ltr'>artificio</span> <span class='ocrx_word' id='word_1_127' title='bbox 553 1857 696 1922; x_wconf 85' lang='lat' dir='ltr'>dixerim.</span> <span class='ocrx_word' id='word_1_128' title='bbox 742 1856 826 1934; x_wconf 87' lang='lat' dir='ltr'>Quid</span> <span class='ocrx_word' id='word_1_129' title='bbox 858 1859 944 1922; x_wconf 91' lang='lat' dir='ltr'>enim</span> <span class='ocrx_word' id='word_1_130' title='bbox 974 1863 1032 1923; x_wconf 89' lang='lat' dir='ltr'>aut</span> <span class='ocrx_word' id='word_1_131' title='bbox 1057 1857 1139 1922; x_wconf 81' lang='lat' dir='ltr'>Plinio</span> 
     </span>
     <span class='ocr_line' id='line_1_20' title="bbox 203 1943 1139 2030; baseline -0.005 -19"><span class='ocrx_word' id='word_1_132' title='bbox 203 1946 346 2011; x_wconf 90' lang='lat' dir='ltr'>limatius</span> <span class='ocrx_word' id='word_1_133' title='bbox 374 1949 431 2010; x_wconf 89' lang='lat' dir='ltr'>aut</span> <span class='ocrx_word' id='word_1_134' title='bbox 453 1943 573 2011; x_wconf 86' lang='lat' dir='ltr'>Seneca</span> <span class='ocrx_word' id='word_1_135' title='bbox 600 1946 728 2030; x_wconf 80' lang='lat' dir='ltr'>gravius</span> <span class='ocrx_word' id='word_1_136' title='bbox 755 1950 813 2011; x_wconf 89' lang='lat' dir='ltr'>aut</span> <span class='ocrx_word' id='word_1_137' title='bbox 835 1944 991 2012; x_wconf 81' lang='lat' dir='ltr'>Cicerone</span> <span class='ocrx_word' id='word_1_138' title='bbox 1018 1945 1139 2011; x_wconf 87' lang='lat' dir='ltr'>inomni</span> 
     </span>
     <span class='ocr_line' id='line_1_21' title="bbox 205 2027 1139 2120; baseline -0.004 -22"><span class='ocrx_word' id='word_1_139' title='bbox 205 2057 320 2120; x_wconf 91' lang='lat' dir='ltr'>genere</span> <span class='ocrx_word' id='word_1_140' title='bbox 347 2035 518 2119; x_wconf 83' lang='lat' dir='ltr'>perfectius</span> <span class='ocrx_word' id='word_1_141' title='bbox 547 2034 652 2117; x_wconf 85' lang='lat' dir='ltr'>optari</span> <span class='ocrx_word' id='word_1_142' title='bbox 676 2027 808 2117; x_wconf 83' lang='lat' dir='ltr'>potest?</span> <span class='ocrx_word' id='word_1_143' title='bbox 853 2033 1066 2100; x_wconf 84' lang='lat' dir='ltr'>Gravidarum</span> <span class='ocrx_word' id='word_1_144' title='bbox 1090 2055 1139 2096; x_wconf 89' lang='lat' dir='ltr'>rnu-</span> 
     </span>
     <span class='ocr_line' id='line_1_22' title="bbox 203 2123 1139 2208; baseline -0.005 -21"><span class='ocrx_word' id='word_1_145' title='bbox 203 2125 318 2188; x_wconf 91' lang='lat' dir='ltr'>lierum</span> <span class='ocrx_word' id='word_1_146' title='bbox 340 2124 470 2189; x_wconf 90' lang='lat' dir='ltr'>morbus</span> <span class='ocrx_word' id='word_1_147' title='bbox 493 2123 547 2187; x_wconf 94' lang='lat' dir='ltr'>ille</span> <span class='ocrx_word' id='word_1_148' title='bbox 569 2123 679 2207; x_wconf 83' lang='lat' dir='ltr'>fuerit,</span> <span class='ocrx_word' id='word_1_149' title='bbox 703 2143 797 2208; x_wconf 92' lang='lat' dir='ltr'>quae,</span> <span class='ocrx_word' id='word_1_150' title='bbox 824 2124 981 2208; x_wconf 82' lang='lat' dir='ltr'>neglectis</span> <span class='ocrx_word' id='word_1_151' title='bbox 1010 2123 1097 2188; x_wconf 85' lang='lat' dir='ltr'>bonis</span> <span class='ocrx_word' id='word_1_152' title='bbox 1115 2141 1139 2184; x_wconf 80' lang='lat' dir='ltr'>ar</span> 
     </span>
     <span class='ocr_line' id='line_1_23' title="bbox 206 2211 1139 2298; baseline -0.005 -22"><span class='ocrx_word' id='word_1_153' title='bbox 206 2211 387 2276; x_wconf 89' lang='lat' dir='ltr'>salubribus</span> <span class='ocrx_word' id='word_1_154' title='bbox 411 2212 500 2293; x_wconf 86' lang='lat' dir='ltr'>cibis,</span> <span class='ocrx_word' id='word_1_155' title='bbox 522 2211 628 2276; x_wconf 89' lang='lat' dir='ltr'>cinere</span> <span class='ocrx_word' id='word_1_156' title='bbox 647 2233 681 2276; x_wconf 92' lang='lat' dir='ltr'>se</span> <span class='ocrx_word' id='word_1_157' title='bbox 703 2233 938 2298; x_wconf 90' lang='lat' dir='ltr'>nonnunquam</span> <span class='ocrx_word' id='word_1_158' title='bbox 961 2216 996 2276; x_wconf 90' lang='lat' dir='ltr'>et</span> <span class='ocrx_word' id='word_1_159' title='bbox 1019 2211 1139 2277; x_wconf 87' lang='lat' dir='ltr'>carboni-</span> 
     </span>
     <span class='ocr_line' id='line_1_24' title="bbox 204 2297 1139 2386; baseline -0.005 -22"><span class='ocrx_word' id='word_1_160' title='bbox 204 2301 265 2364; x_wconf 89' lang='lat' dir='ltr'>bus</span> <span class='ocrx_word' id='word_1_161' title='bbox 288 2304 433 2384; x_wconf 87' lang='lat' dir='ltr'>pascunt.</span> <span class='ocrx_word' id='word_1_162' title='bbox 462 2297 513 2364; x_wconf 89' lang='lat' dir='ltr'>Ne</span> <span class='ocrx_word' id='word_1_163' title='bbox 535 2321 586 2364; x_wconf 90' lang='lat' dir='ltr'>res</span> <span class='ocrx_word' id='word_1_164' title='bbox 610 2301 739 2386; x_wconf 89' lang='lat' dir='ltr'>quidem</span> <span class='ocrx_word' id='word_1_165' title='bbox 761 2301 851 2384; x_wconf 89' lang='lat' dir='ltr'>ipsae</span> <span class='ocrx_word' id='word_1_166' title='bbox 865 2300 1024 2366; x_wconf 88' lang='lat' dir='ltr'>adducere</span> <span class='ocrx_word' id='word_1_167' title='bbox 1047 2300 1139 2365; x_wconf 86' lang='lat' dir='ltr'>autiu-</span> 
     </span>
     <span class='ocr_line' id='line_1_25' title="bbox 204 2386 1140 2474; baseline -0.004 -22"><span class='ocrx_word' id='word_1_168' title='bbox 204 2389 305 2453; x_wconf 86' lang='lat' dir='ltr'>vitare</span> <span class='ocrx_word' id='word_1_169' title='bbox 329 2409 520 2474; x_wconf 86' lang='lat' dir='ltr'>quemquam</span> <span class='ocrx_word' id='word_1_170' title='bbox 541 2392 680 2472; x_wconf 87' lang='lat' dir='ltr'>possunt</span> <span class='ocrx_word' id='word_1_171' title='bbox 699 2388 739 2452; x_wconf 88' lang='lat' dir='ltr'>ad</span> <span class='ocrx_word' id='word_1_172' title='bbox 762 2389 914 2472; x_wconf 87' lang='lat' dir='ltr'>epistolas</span> <span class='ocrx_word' id='word_1_173' title='bbox 937 2411 1028 2454; x_wconf 88' lang='lat' dir='ltr'>meas</span> <span class='ocrx_word' id='word_1_174' title='bbox 1051 2386 1140 2470; x_wconf 83' lang='lat' dir='ltr'>cupide</span> 
     </span>
     <span class='ocr_line' id='line_1_26' title="bbox 204 2476 1138 2563; baseline -0.005 -23"><span class='ocrx_word' id='word_1_175' title='bbox 204 2477 365 2561; x_wconf 85' lang='lat' dir='ltr'>legendas.</span> <span class='ocrx_word' id='word_1_176' title='bbox 396 2476 504 2542; x_wconf 92' lang='lat' dir='ltr'>Homo</span> <span class='ocrx_word' id='word_1_177' title='bbox 527 2477 614 2542; x_wconf 92' lang='lat' dir='ltr'>enim</span> <span class='ocrx_word' id='word_1_178' title='bbox 636 2477 790 2561; x_wconf 67' lang='lat' dir='ltr'>privatus</span> <span class='ocrx_word' id='word_1_179' title='bbox 814 2478 869 2563; x_wconf 90' lang='lat' dir='ltr'>qui</span> <span class='ocrx_word' id='word_1_180' title='bbox 890 2478 937 2542; x_wconf 83' lang='lat' dir='ltr'>ita</span> <span class='ocrx_word' id='word_1_181' title='bbox 959 2478 996 2542; x_wconf 93' lang='lat' dir='ltr'>in</span> <span class='ocrx_word' id='word_1_182' title='bbox 1019 2478 1102 2542; x_wconf 91' lang='lat' dir='ltr'>libris</span> <span class='ocrx_word' id='word_1_183' title='bbox 1114 2495 1138 2537; x_wconf 75' lang='lat' dir='ltr'>uo</span> 
     </span>
     <span class='ocr_line' id='line_1_27' title="bbox 204 2564 1139 2651; baseline 0 -24"><span class='ocrx_word' id='word_1_184' title='bbox 204 2564 320 2630; x_wconf 88' lang='lat' dir='ltr'>litteris</span> <span class='ocrx_word' id='word_1_185' title='bbox 348 2566 583 2649; x_wconf 89' lang='lat' dir='ltr'>consenuerim,</span> <span class='ocrx_word' id='word_1_186' title='bbox 609 2567 732 2631; x_wconf 91' lang='lat' dir='ltr'>nullam</span> <span class='ocrx_word' id='word_1_187' title='bbox 759 2569 797 2630; x_wconf 90' lang='lat' dir='ltr'>ut</span> <span class='ocrx_word' id='word_1_188' title='bbox 823 2588 965 2651; x_wconf 88' lang='lat' dir='ltr'>unquam</span> <span class='ocrx_word' id='word_1_189' title='bbox 999 2565 1139 2650; x_wconf 86' lang='lat' dir='ltr'>attigerim</span> 
     </span>
     <span class='ocr_line' id='line_1_28' title="bbox 204 2651 1140 2740; baseline -0.003 -24"><span class='ocrx_word' id='word_1_190' title='bbox 204 2653 338 2737; x_wconf 91' lang='lat' dir='ltr'>reipubl.</span> <span class='ocrx_word' id='word_1_191' title='bbox 361 2658 500 2739; x_wconf 83' lang='lat' dir='ltr'>partem,</span> <span class='ocrx_word' id='word_1_192' title='bbox 526 2655 649 2719; x_wconf 90' lang='lat' dir='ltr'>nullam</span> <span class='ocrx_word' id='word_1_193' title='bbox 675 2677 818 2740; x_wconf 89' lang='lat' dir='ltr'>unquam</span> <span class='ocrx_word' id='word_1_194' title='bbox 841 2655 1012 2740; x_wconf 87' lang='lat' dir='ltr'>epistolam</span> <span class='ocrx_word' id='word_1_195' title='bbox 1041 2651 1140 2736; x_wconf 89' lang='lat' dir='ltr'>scripsi.</span> 
     </span>
     <span class='ocr_line' id='line_1_29' title="bbox 204 2741 1139 2828; baseline -0.003 -24"><span class='ocrx_word' id='word_1_196' title='bbox 204 2741 269 2806; x_wconf 88' lang='lat' dir='ltr'>nisi</span> <span class='ocrx_word' id='word_1_197' title='bbox 292 2765 372 2828; x_wconf 84' lang='lat' dir='ltr'>quae</span> <span class='ocrx_word' id='word_1_198' title='bbox 395 2743 436 2808; x_wconf 92' lang='lat' dir='ltr'>ad</span> <span class='ocrx_word' id='word_1_199' title='bbox 449 2764 521 2807; x_wconf 85' lang='lat' dir='ltr'>mea</span> <span class='ocrx_word' id='word_1_200' title='bbox 538 2765 606 2808; x_wconf 91' lang='lat' dir='ltr'>non</span> <span class='ocrx_word' id='word_1_201' title='bbox 628 2743 740 2828; x_wconf 87' lang='lat' dir='ltr'>magni</span> <span class='ocrx_word' id='word_1_202' title='bbox 761 2743 915 2808; x_wconf 91' lang='lat' dir='ltr'>momenti</span> <span class='ocrx_word' id='word_1_203' title='bbox 937 2744 1069 2828; x_wconf 89' lang='lat' dir='ltr'>negotia</span> <span class='ocrx_word' id='word_1_204' title='bbox 1087 2762 1139 2824; x_wconf 89' lang='lat' dir='ltr'>per·</span> 
     </span>
     <span class='ocr_line' id='line_1_30' title="bbox 203 2829 1139 2917; baseline -0.004 -24"><span class='ocrx_word' id='word_1_205' title='bbox 203 2829 331 2896; x_wconf 78' lang='lat' dir='ltr'>timeret.</span> <span class='ocrx_word' id='word_1_206' title='bbox 368 2830 446 2906; x_wconf 83' lang='lat' dir='ltr'>Quis</span> <span class='ocrx_word' id='word_1_207' title='bbox 476 2836 584 2896; x_wconf 89' lang='lat' dir='ltr'>autem</span> <span class='ocrx_word' id='word_1_208' title='bbox 612 2851 673 2917; x_wconf 90' lang='lat' dir='ltr'>ego</span> <span class='ocrx_word' id='word_1_209' title='bbox 701 2853 785 2915; x_wconf 88' lang='lat' dir='ltr'>sum,</span> <span class='ocrx_word' id='word_1_210' title='bbox 811 2835 862 2916; x_wconf 89' lang='lat' dir='ltr'>ut,</span> <span class='ocrx_word' id='word_1_211' title='bbox 886 2832 972 2916; x_wconf 93' lang='lat' dir='ltr'>quod</span> <span class='ocrx_word' id='word_1_212' title='bbox 997 2835 1139 2916; x_wconf 82' lang='lat' dir='ltr'>postremo</span> 
     </span>
     <span class='ocr_line' id='line_1_31' title="bbox 205 2917 1140 3006; baseline -0.002 -26"><span class='ocrx_word' id='word_1_213' title='bbox 205 2917 276 2983; x_wconf 92' lang='lat' dir='ltr'>loco</span> <span class='ocrx_word' id='word_1_214' title='bbox 299 2919 406 3005; x_wconf 86' lang='lat' dir='ltr'>posui,</span> <span class='ocrx_word' id='word_1_215' title='bbox 434 2920 623 2986; x_wconf 87' lang='lat' dir='ltr'>auctoritate</span> <span class='ocrx_word' id='word_1_216' title='bbox 648 2921 816 3006; x_wconf 89' lang='lat' dir='ltr'>quisquam</span> <span class='ocrx_word' id='word_1_217' title='bbox 839 2919 993 2984; x_wconf 87' lang='lat' dir='ltr'>adductus</span> <span class='ocrx_word' id='word_1_218' title='bbox 1017 2940 1085 2984; x_wconf 89' lang='lat' dir='ltr'>mea</span> <span class='ocrx_word' id='word_1_219' title='bbox 1103 2935 1140 2979; x_wconf 82' lang='lat' dir='ltr'>res</span> 
     </span>
     <span class='ocr_line' id='line_1_32' title="bbox 205 3005 1139 3094; baseline 0 -23"><span class='ocrx_word' id='word_1_220' title='bbox 205 3027 294 3072; x_wconf 89' lang='lat' dir='ltr'>meas</span> <span class='ocrx_word' id='word_1_221' title='bbox 323 3029 514 3094; x_wconf 80' lang='lat' dir='ltr'>cognoscere</span> <span class='ocrx_word' id='word_1_222' title='bbox 537 3009 668 3093; x_wconf 83' lang='lat' dir='ltr'>cupiat?</span> <span class='ocrx_word' id='word_1_223' title='bbox 703 3007 799 3072; x_wconf 90' lang='lat' dir='ltr'>Mitto</span> <span class='ocrx_word' id='word_1_224' title='bbox 821 3008 899 3092; x_wconf 86' lang='lat' dir='ltr'>iarn,</span> <span class='ocrx_word' id='word_1_225' title='bbox 922 3007 1008 3092; x_wconf 93' lang='lat' dir='ltr'>quod</span> <span class='ocrx_word' id='word_1_226' title='bbox 1031 3029 1098 3072; x_wconf 90' lang='lat' dir='ltr'>cum</span> <span class='ocrx_word' id='word_1_227' title='bbox 1116 3005 1139 3065; x_wconf 78' lang='lat' dir='ltr'>iu</span> 
     </span>
     <span class='ocr_line' id='line_1_33' title="bbox 206 3096 1140 3183; baseline 0.001 -30"><span class='ocrx_word' id='word_1_228' title='bbox 206 3097 333 3182; x_wconf 86' lang='lat' dir='ltr'>ceteris,</span> <span class='ocrx_word' id='word_1_229' title='bbox 359 3102 429 3163; x_wconf 92' lang='lat' dir='ltr'>tum</span> <span class='ocrx_word' id='word_1_230' title='bbox 451 3099 486 3162; x_wconf 91' lang='lat' dir='ltr'>in</span> <span class='ocrx_word' id='word_1_231' title='bbox 507 3098 569 3164; x_wconf 90' lang='lat' dir='ltr'>hoc</span> <span class='ocrx_word' id='word_1_232' title='bbox 591 3099 760 3183; x_wconf 88' lang='lat' dir='ltr'>praecipue</span> <span class='ocrx_word' id='word_1_233' title='bbox 787 3116 902 3182; x_wconf 89' lang='lat' dir='ltr'>genere</span> <span class='ocrx_word' id='word_1_234' title='bbox 925 3097 972 3160; x_wconf 89' lang='lat' dir='ltr'>ita</span> <span class='ocrx_word' id='word_1_235' title='bbox 992 3096 1140 3182; x_wconf 81' lang='lat' dir='ltr'>negligens</span> 
     </span>
     <span class='ocr_line' id='line_1_34' title="bbox 206 3183 1141 3340; baseline -0.002 -92"><span class='ocrx_word' id='word_1_236' title='bbox 206 3189 353 3334; x_wconf 51' lang='lat' dir='ltr'>{ffieut</span> <span class='ocrx_word' id='word_1_237' title='bbox 375 3188 525 3340; x_wconf 57' lang='lat' dir='ltr'>epistptlas</span> <span class='ocrx_word' id='word_1_238' title='bbox 548 3208 614 3340; x_wconf 59' lang='lat' dir='ltr'>urplo</span> <span class='ocrx_word' id='word_1_239' title='bbox 636 3187 759 3271; x_wconf 90' lang='lat' dir='ltr'>impetu</span> <span class='ocrx_word' id='word_1_240' title='bbox 784 3185 967 3339; x_wconf 58' lang='lat' dir='ltr'>fusasbparo</span> <span class='ocrx_word' id='word_1_241' title='bbox 990 3183 1141 3337; x_wconf 48' lang='lat' dir='ltr'>zdmodppp</span> 
     </span>
     <span class='ocr_line' id='line_1_35' title="bbox 206 3293 1142 3448; baseline -0.004 -26"><span class='ocrx_word' id='word_1_242' title='bbox 206 3355 244 3415; x_wconf 73' lang='lat' dir='ltr'>a</span> <span class='ocrx_word' id='word_1_243' title='bbox 265 3293 587 3448; x_wconf 51' lang='lat' dir='ltr'>prtbttttt</span> <span class='ocrx_word' id='word_1_244' title='bbox 604 3294 1142 3447; x_wconf 47' lang='lat' dir='ltr'>ttutblbpstoelutu</span> 
     </span>
     <span class='ocr_line' id='line_1_36' title="bbox 206 3439 1140 3540; baseline 0.004 -38"><span class='ocrx_word' id='word_1_245' title='bbox 206 3439 320 3520; x_wconf 88' lang='lat' dir='ltr'>plenas</span> <span class='ocrx_word' id='word_1_246' title='bbox 349 3451 390 3514; x_wconf 90' lang='lat' dir='ltr'>ad</span> <span class='ocrx_word' id='word_1_247' title='bbox 416 3452 535 3517; x_wconf 89' lang='lat' dir='ltr'>amicos</span> <span class='ocrx_word' id='word_1_248' title='bbox 562 3452 689 3516; x_wconf 88' lang='lat' dir='ltr'>mittere</span> <span class='ocrx_word' id='word_1_249' title='bbox 717 3451 846 3516; x_wconf 90' lang='lat' dir='ltr'>soleam.</span> <span class='ocrx_word' id='word_1_250' title='bbox 889 3450 1001 3534; x_wconf 86' lang='lat' dir='ltr'>Itaque</span> <span class='ocrx_word' id='word_1_251' title='bbox 1023 3448 1140 3540; x_wconf 77' lang='lat' dir='ltr'>multum</span> 
     </span>
     <span class='ocr_line' id='line_1_37' title="bbox 206 3532 1139 3624; baseline -0.003 -27"><span class='ocrx_word' id='word_1_252' title='bbox 206 3535 333 3614; x_wconf 77' lang='lat' dir='ltr'>negocii</span> <span class='ocrx_word' id='word_1_253' title='bbox 354 3537 454 3603; x_wconf 90' lang='lat' dir='ltr'>habui</span> <span class='ocrx_word' id='word_1_254' title='bbox 475 3539 510 3603; x_wconf 92' lang='lat' dir='ltr'>in</span> <span class='ocrx_word' id='word_1_255' title='bbox 533 3541 586 3624; x_wconf 90' lang='lat' dir='ltr'>iis,</span> <span class='ocrx_word' id='word_1_256' title='bbox 610 3561 690 3624; x_wconf 88' lang='lat' dir='ltr'>quas</span> <span class='ocrx_word' id='word_1_257' title='bbox 713 3539 754 3604; x_wconf 91' lang='lat' dir='ltr'>ad</span> <span class='ocrx_word' id='word_1_258' title='bbox 776 3543 808 3604; x_wconf 92' lang='lat' dir='ltr'>te</span> <span class='ocrx_word' id='word_1_259' title='bbox 830 3559 916 3602; x_wconf 91' lang='lat' dir='ltr'>nunc</span> <span class='ocrx_word' id='word_1_260' title='bbox 938 3538 1044 3621; x_wconf 88' lang='lat' dir='ltr'>mitto,</span> <span class='ocrx_word' id='word_1_261' title='bbox 1069 3532 1139 3598; x_wconf 87' lang='lat' dir='ltr'>colh-</span> 
     </span>
    </p>
   </div>
   <div class='ocr_carea' id='block_1_3' title="bbox 0 0 1173 3942">
    <p class='ocr_par' dir='ltr' id='par_1_3' title="bbox 0 0 1173 3942">
     <span class='ocr_line' id='line_1_38' title="bbox 0 0 1173 3942; baseline 0 0"><span class='ocrx_word' id='word_1_262' title='bbox 0 0 1173 3942; x_wconf 95' lang='lat' dir='ltr'> </span> 
     </span>
    </p>
   </div>
  </div>
 </body>
</html>
