2328 3956
198 199 260 264 118
562 194 779 252 PRAEFATIO.

194 346 294 410 talem
306 341 505 430 posteritatis
518 340 708 408 memoriam
727 361 962 408 consecremus:
980 363 1046 407 uou
1059 342 1129 426 quod

195 455 303 498 rerum
327 455 347 496 a
372 435 405 496 te
429 435 593 518 gestarum
620 431 725 516 gloria
749 433 862 496 nostro
890 429 1069 496 testimonio
1092 431 1129 494 in-

196 523 317 606 digeat,
346 521 402 586 scd
429 521 515 605 quod
542 519 605 584 alia
631 519 726 585 uobis
753 520 806 584 uia
835 519 926 584 nulla
952 519 1130 604 relinquitur,

197 632 262 696 qua
283 611 406 696 ingrati
429 609 529 674 animi
550 612 664 674 notam
685 609 827 694 effugere
842 609 1015 674 valeamus.
1044 607 1130 693 Igitur

196 699 253 764 alii
275 699 417 785 quidem,
440 699 556 784 quibus
578 698 682 764 maior
704 697 869 763 doctrinae
892 698 987 782 copia
1009 700 1063 781 est,
1083 697 1132 760 alia

195 787 258 853 tibi
290 789 439 874 graviom
476 791 510 852 et
539 787 670 852 maioris
706 807 823 870 operae
859 787 1049 871 inscribeut3
1086 806 1131 870 ego

197 881 315 962 autem,
338 877 393 962 qui
406 876 551 942 nondum
573 897 645 940 eam
659 875 847 942 facultatem
866 879 1057 941 consecutus
1070 896 1132 958 sun,

197 968 236 1032 ut
258 988 277 1031 a
299 987 351 1030 me
366 967 537 1050 quicquam
550 965 716 1050 egregium
739 965 917 1050 exspectari
935 965 1059 1049 debeat,
1075 964 1132 1028 scri·

197 1055 273 1120 bam
299 1057 423 1140 tumen,
450 1054 684 1138 qualiacunque
711 1056 838 1138 potero,
871 1057 904 1118 et
929 1053 1020 1120 hisce
1045 1054 1133 1138 paruis

198 1164 236 1208 ac
258 1143 410 1208 tenuibus
433 1143 632 1208 munusculis
653 1142 798 1208 testabor
819 1142 1008 1208 hominibus
1029 1143 1133 1227 magni-

197 1229 345 1296 tudinem
368 1230 591 1296 obseruantiae
614 1251 692 1316 erga
717 1235 750 1295 te
773 1253 872 1298 meae.
916 1231 1004 1297 lllud
1027 1232 1134 1318 quiden

199 1323 285 1385 certe
309 1321 398 1385 omni
417 1342 477 1406 ope
500 1319 643 1388 conabor
665 1319 799 1404 efficere,
821 1325 858 1385 ut
880 1321 1003 1406 scripta
1024 1343 1097 1403 mes,
1116 1321 1134 1382 ui

198 1409 323 1474 nullam
350 1409 447 1474 aliam
475 1409 517 1475 ob
545 1429 693 1474 caussam
719 1409 755 1474 iu
780 1409 885 1494 pretio
908 1411 990 1495 siut,
1017 1411 1134 1475 uulua

199 1502 311 1562 tamen
332 1502 485 1564 tueantur
510 1499 582 1582 ipsa
610 1519 657 1583 se,
685 1501 718 1562 et
743 1497 806 1563 hoc
834 1499 948 1563 saltem
977 1499 1135 1564 nomines

200 1587 352 1652 studiosis
374 1587 560 1652 homiuibus
573 1609 642 1652 uon
654 1587 869 1672 negligantur.
907 1585 1002 1663 Quod
1025 1590 1056 1652 et
1072 1587 1135 1651 alies

199 1675 262 1740 feci
284 1676 374 1740 etin
396 1677 436 1740 iis
459 1677 611 1760 maxime,
639 1695 719 1760 quos
741 1697 845 1760 nuper
867 1677 952 1761 apud
976 1680 1010 1741 te
1033 1675 1135 1758 scripsi,

199 1761 372 1828 Variarum
394 1762 584 1830 Lectionum
606 1764 706 1828 libris.
860 1787 863 1792 ·

265 1851 410 1918 Primum
433 1853 520 1918 enim
541 1875 614 1918 cum
636 1851 672 1916 in
684 1853 972 1937 praestantissimis
989 1855 1135 1937 utriusque

199 1941 329 2027 linguae
353 1941 562 2026 scriptoribus
580 1942 683 2006 multa
705 1942 756 2006 vel
778 1945 961 2026 temporum
979 1943 1032 2008 vel
1052 1941 1135 2007 homi-

199 2051 279 2095 uum
302 2032 396 2116 culpa
428 2034 576 2114 corrupte
604 2034 637 2094 et
664 2031 836 2116 depravate
862 2032 1029 2117 legantur,
1055 2049 1135 2115 eaque

199 2140 251 2184 res
273 2121 324 2184 vel
347 2142 414 2184 non
438 2119 661 2184 animadversa
683 2137 837 2206 errorem,
859 2121 910 2194 vel
932 2121 1136 2186 animaduersa

199 2208 381 2272 molestiam
404 2213 436 2272 et
450 2208 671 2274 difficultatem
684 2208 867 2294 legentibus
882 2208 1022 2274 obiicere
1041 2210 1136 2274 soleat:

201 2295 269 2360 eius
291 2296 488 2362 incommodi
514 2301 551 2362 ut
577 2319 653 2382 pars
681 2297 789 2382 aliqua
815 2318 874 2382 per
900 2319 951 2362 me
980 2299 1136 2378 tolleretur,

202 2406 334 2467 operam
356 2385 438 2450 dedi.
474 2385 608 2470 Deinde,
630 2407 703 2450 cnm
727 2389 760 2451 et
780 2385 861 2450 illud
874 2389 1010 2472 constet,
1032 2389 1136 2452 veteres

200 2471 334 2538 Latinos
367 2495 491 2539 summo
524 2474 631 2540 studio
663 2495 732 2540 esse
762 2475 798 2538 iu
824 2473 1020 2540 (baccorum
1050 2474 1136 2540 imita·

199 2561 289 2628 tione
313 2565 467 2648 versatos,
489 2566 522 2628 et
544 2585 655 2628 eorum
676 2565 833 2648 locorum,
860 2586 941 2648 quos
968 2565 1018 2628 illi
1042 2564 1080 2628 ab
1099 2561 1136 2626 his

201 2654 349 2736 acceptos
376 2651 411 2716 in
437 2674 533 2717 usum
560 2674 653 2722 suum
680 2653 928 2737 transtulerunt,
957 2652 1092 2738 diligens
1114 2653 1136 2712 el

201 2743 351 2806 accurata
373 2741 498 2806 notatio
512 2761 665 2826 magnam
686 2741 739 2808 his
760 2740 959 2824 temporibus
982 2742 1136 2806 utilitatem

202 2829 323 2894 habere
346 2829 507 2894 credatur:
530 2829 625 2894 huius
640 2851 766 2915 quoque
790 2830 917 2915 generis
939 2828 1136 2916 inspergenda

201 2920 360 2984 nonnulla
382 2941 452 2984 esse
479 2918 564 2984 duxi.
613 2917 879 2984 Narratiunculas
906 2919 1005 2984 etiam
1033 2919 1137 3004 aliquot

202 3008 358 3073 admiscui
381 3008 581 3093 quarundam
603 3007 825 3086 historiarum,
849 3029 931 3092 quae
953 3030 1057 3094 neque
1078 3027 1136 3071 con-

202 3097 297 3160 tritae
321 3118 358 3162 ae
381 3117 567 3162 communes
594 3100 716 3182 essent,
742 3117 846 3181 neque
872 3095 1136 3178 foresiniucundae

204 3186 336 3269 cognitu
358 3186 550 3250 viderentur.
586 3183 652 3250 Ubi
674 3189 783 3250 autem
806 3187 853 3250 ita
874 3207 925 3252 res
948 3187 1031 3270 tulit,
1053 3189 1087 3249 ut
1106 3182 1136 3246 ab

203 3272 255 3356 iis,
288 3274 342 3357 qui
369 3275 420 3338 vel
447 3278 552 3340 aetate
582 3277 694 3339 nostra
729 3275 781 3340 vel
812 3275 911 3339 etiam
939 3273 1136 3358 superioribus

203 3361 402 3446 temporibus
424 3363 459 3427 in
481 3363 543 3428 hoc
569 3363 640 3446 ipso
668 3363 825 3428 curriculo
848 3363 1039 3428 industriam
1061 3380 1134 3426 suen

204 3455 421 3535 exercuerant,
450 3451 664 3516 dissentirem:
696 3451 758 3516 feci
785 3451 831 3535 id,
857 3455 895 3516 ut
922 3455 955 3516 ct
969 3455 1089 3524 natura
1112 3449 1135 3507 et

204 3539 400 3604 consuetudo
424 3561 496 3603 mea
522 3540 598 3622 fert,
630 3539 742 3623 libere,
775 3540 830 3604 sed
853 3561 891 3604 ea
913 3544 1020 3604 tamen
1045 3536 1134 3604 mode·
