<?xml version="1.0" encoding="UTF-8"?>
<!DOCTYPE html PUBLIC "-//W3C//DTD XHTML 1.0 Transitional//EN"
    "http://www.w3.org/TR/xhtml1/DTD/xhtml1-transitional.dtd">
<html xmlns="http://www.w3.org/1999/xhtml" xml:lang="en" lang="en">
 <head>
  <title>
</title>
<meta http-equiv="Content-Type" content="text/html;charset=utf-8" />
  <meta name='ocr-system' content='tesseract 3.04.00' />
  <meta name='ocr-capabilities' content='ocr_page ocr_carea ocr_par ocr_line ocrx_word'/>
</head>
<body>
  <div class='ocr_page' id='page_1' title='image "./mantoniimuretis00freygoog_0036.png"; bbox 0 0 2360 3944; ppageno 0'>
   <div class='ocr_carea' id='block_1_1' title="bbox 420 257 998 325">
    <p class='ocr_par' dir='ltr' id='par_1_1' title="bbox 420 257 998 325">
     <span class='ocr_line' id='line_1_1' title="bbox 420 257 998 325; baseline 0.002 -10"><span class='ocrx_word' id='word_1_1' title='bbox 420 257 556 316; x_wconf 84' lang='lat' dir='ltr'>ORATIO</span> <span class='ocrx_word' id='word_1_2' title='bbox 575 261 621 316; x_wconf 89' lang='lat' dir='ltr'>III.</span> <span class='ocrx_word' id='word_1_3' title='bbox 954 260 998 325; x_wconf 82' lang='lat'><strong>23</strong></span> 
     </span>
    </p>
   </div>
   <div class='ocr_carea' id='block_1_2' title="bbox 7 404 1009 3668">
    <p class='ocr_par' dir='ltr' id='par_1_2' title="bbox 7 404 1007 3385">
     <span class='ocr_line' id='line_1_2' title="bbox 55 404 998 490; baseline 0 -20"><span class='ocrx_word' id='word_1_4' title='bbox 55 406 185 470; x_wconf 90' lang='lat' dir='ltr'><strong>omnium</strong></span> <span class='ocrx_word' id='word_1_5' title='bbox 213 425 388 488; x_wconf 88' lang='lat' dir='ltr'><strong>concursu,</strong></span> <span class='ocrx_word' id='word_1_6' title='bbox 416 404 537 488; x_wconf 89' lang='lat' dir='ltr'><strong>studio,</strong></span> <span class='ocrx_word' id='word_1_7' title='bbox 560 405 739 470; x_wconf 75' lang='lat' dir='ltr'><strong>attentione</strong></span> <span class='ocrx_word' id='word_1_8' title='bbox 762 405 998 490; x_wconf 84' lang='lat' dir='ltr'><strong>dignissimam!</strong></span> 
     </span>
     <span class='ocr_line' id='line_1_3' title="bbox 55 492 999 579; baseline 0 -21"><span class='ocrx_word' id='word_1_9' title='bbox 55 493 172 559; x_wconf 80' lang='lat' dir='ltr'><strong>Etenim</strong></span> <span class='ocrx_word' id='word_1_10' title='bbox 195 493 223 558; x_wconf 87' lang='lat' dir='ltr'><strong>si</strong></span> <span class='ocrx_word' id='word_1_11' title='bbox 245 514 322 558; x_wconf 83' lang='lat' dir='ltr'><strong>vere</strong></span> <span class='ocrx_word' id='word_1_12' title='bbox 345 493 472 576; x_wconf 83' lang='lat' dir='ltr'><strong>scripsit</strong></span> <span class='ocrx_word' id='word_1_13' title='bbox 494 492 700 577; x_wconf 82' lang='lat' dir='ltr'><strong>Aristoteles,</strong></span> <span class='ocrx_word' id='word_1_14' title='bbox 722 493 826 579; x_wconf 84' lang='lat' dir='ltr'><strong>magis</strong></span> <span class='ocrx_word' id='word_1_15' title='bbox 850 497 999 578; x_wconf 88' lang='lat' dir='ltr'><strong>expeten-</strong></span> 
     </span>
     <span class='ocr_line' id='line_1_4' title="bbox 56 581 999 666; baseline 0 -20"><span class='ocrx_word' id='word_1_16' title='bbox 56 583 119 646; x_wconf 85' lang='lat' dir='ltr'><strong>dam</strong></span> <span class='ocrx_word' id='word_1_17' title='bbox 141 603 208 646; x_wconf 89' lang='lat' dir='ltr'><strong>esse</strong></span> <span class='ocrx_word' id='word_1_18' title='bbox 231 581 549 665; x_wconf 78' lang='lat' dir='ltr'><strong>quantulamcunque</strong></span> <span class='ocrx_word' id='word_1_19' title='bbox 577 582 811 666; x_wconf 86' lang='lat' dir='ltr'><strong>praestantium</strong></span> <span class='ocrx_word' id='word_1_20' title='bbox 838 603 945 648; x_wconf 89' lang='lat' dir='ltr'><strong>rerum</strong></span> <span class='ocrx_word' id='word_1_21' title='bbox 968 585 999 647; x_wconf 89' lang='lat' dir='ltr'><strong>et</strong></span> 
     </span>
     <span class='ocr_line' id='line_1_5' title="bbox 56 670 999 756; baseline 0 -22"><span class='ocrx_word' id='word_1_22' title='bbox 56 674 240 734; x_wconf 86' lang='lat' dir='ltr'><strong>remotarum</strong></span> <span class='ocrx_word' id='word_1_23' title='bbox 263 692 284 734; x_wconf 90' lang='lat' dir='ltr'><strong>a</strong></span> <span class='ocrx_word' id='word_1_24' title='bbox 307 673 402 753; x_wconf 87' lang='lat' dir='ltr'><strong>captu</strong></span> <span class='ocrx_word' id='word_1_25' title='bbox 420 670 510 754; x_wconf 83' lang='lat' dir='ltr'><strong>vulgi</strong></span> <span class='ocrx_word' id='word_1_26' title='bbox 530 670 749 755; x_wconf 80' lang='lat' dir='ltr'><strong>cognitionem</strong></span> <span class='ocrx_word' id='word_1_27' title='bbox 767 674 801 734; x_wconf 84' lang='lat' dir='ltr'><strong>et</strong></span> <span class='ocrx_word' id='word_1_28' title='bbox 818 671 999 756; x_wconf 90' lang='lat' dir='ltr'><strong>intelligen-</strong></span> 
     </span>
     <span class='ocr_line' id='line_1_6' title="bbox 55 757 1000 844; baseline 0.001 -22"><span class='ocrx_word' id='word_1_29' title='bbox 55 760 136 841; x_wconf 86' lang='lat' dir='ltr'><strong>tiam,</strong></span> <span class='ocrx_word' id='word_1_30' title='bbox 153 780 252 842; x_wconf 88' lang='lat' dir='ltr'><strong>quam</strong></span> <span class='ocrx_word' id='word_1_31' title='bbox 271 757 489 823; x_wconf 86' lang='lat' dir='ltr'><strong>communium</strong></span> <span class='ocrx_word' id='word_1_32' title='bbox 507 761 540 822; x_wconf 88' lang='lat' dir='ltr'><strong>et</strong></span> <span class='ocrx_word' id='word_1_33' title='bbox 557 761 805 844; x_wconf 75' lang='lat' dir='ltr'><strong>pervagatorum</strong></span> <span class='ocrx_word' id='word_1_34' title='bbox 824 760 1000 843; x_wconf 87' lang='lat' dir='ltr'><strong>quamlibet</strong></span> 
     </span>
     <span class='ocr_line' id='line_1_7' title="bbox 56 846 1000 931; baseline 0.001 -21"><span class='ocrx_word' id='word_1_35' title='bbox 56 846 236 931; x_wconf 84' lang='lat' dir='ltr'><strong>exquisitam</strong></span> <span class='ocrx_word' id='word_1_36' title='bbox 259 846 499 911; x_wconf 86' lang='lat' dir='ltr'><strong>tractationem:</strong></span> <span class='ocrx_word' id='word_1_37' title='bbox 528 847 598 929; x_wconf 89' lang='lat' dir='ltr'><strong>quis</strong></span> <span class='ocrx_word' id='word_1_38' title='bbox 622 851 684 930; x_wconf 89' lang='lat' dir='ltr'><strong>cst,</strong></span> <span class='ocrx_word' id='word_1_39' title='bbox 713 847 768 930; x_wconf 92' lang='lat' dir='ltr'><strong>qui</strong></span> <span class='ocrx_word' id='word_1_40' title='bbox 789 869 858 912; x_wconf 94' lang='lat' dir='ltr'><strong>non</strong></span> <span class='ocrx_word' id='word_1_41' title='bbox 884 848 1000 930; x_wconf 86' lang='lat' dir='ltr'><strong>videat,</strong></span> 
     </span>
     <span class='ocr_line' id='line_1_8' title="bbox 56 935 1001 1020; baseline 0.001 -22"><span class='ocrx_word' id='word_1_42' title='bbox 56 936 361 1018; x_wconf 85' lang='lat' dir='ltr'><strong>quantulamcunque</strong></span> <span class='ocrx_word' id='word_1_43' title='bbox 384 935 603 1020; x_wconf 89' lang='lat' dir='ltr'><strong>cognitionem</strong></span> <span class='ocrx_word' id='word_1_44' title='bbox 626 935 738 1018; x_wconf 91' lang='lat' dir='ltr'><strong>animi,</strong></span> <span class='ocrx_word' id='word_1_45' title='bbox 761 957 824 1019; x_wconf 91' lang='lat' dir='ltr'><strong>quo</strong></span> <span class='ocrx_word' id='word_1_46' title='bbox 847 935 929 1000; x_wconf 92' lang='lat' dir='ltr'><strong>nihil</strong></span> <span class='ocrx_word' id='word_1_47' title='bbox 952 939 1001 999; x_wconf 87' lang='lat' dir='ltr'><strong>est</strong></span> 
     </span>
     <span class='ocr_line' id='line_1_9' title="bbox 57 1023 1001 1107; baseline 0.002 -21"><span class='ocrx_word' id='word_1_48' title='bbox 57 1023 170 1088; x_wconf 71' lang='lat' dir='ltr'><strong>dianae</strong></span> <span class='ocrx_word' id='word_1_49' title='bbox 202 1026 341 1088; x_wconf 86' lang='lat' dir='ltr'><strong>naturae</strong></span> <span class='ocrx_word' id='word_1_50' title='bbox 376 1023 510 1106; x_wconf 88' lang='lat' dir='ltr'><strong>propius</strong></span> <span class='ocrx_word' id='word_1_51' title='bbox 547 1028 605 1088; x_wconf 88' lang='lat' dir='ltr'><strong>aut</strong></span> <span class='ocrx_word' id='word_1_52' title='bbox 640 1023 788 1107; x_wconf 90' lang='lat' dir='ltr'><strong>similius,</strong></span> <span class='ocrx_word' id='word_1_53' title='bbox 824 1023 1001 1107; x_wconf 88' lang='lat' dir='ltr'><strong>quamlibet</strong></span> 
     </span>
     <span class='ocr_line' id='line_1_10' title="bbox 58 1111 1000 1196; baseline 0.002 -22"><span class='ocrx_word' id='word_1_54' title='bbox 58 1115 211 1176; x_wconf 86' lang='lat' dir='ltr'><strong>accuratae</strong></span> <span class='ocrx_word' id='word_1_55' title='bbox 249 1111 385 1176; x_wconf 89' lang='lat' dir='ltr'><strong>aliarum</strong></span> <span class='ocrx_word' id='word_1_56' title='bbox 421 1133 529 1176; x_wconf 88' lang='lat' dir='ltr'><strong>rerum</strong></span> <span class='ocrx_word' id='word_1_57' title='bbox 570 1111 749 1196; x_wconf 80' lang='lat' dir='ltr'><strong>cognitioni</strong></span> <span class='ocrx_word' id='word_1_58' title='bbox 784 1113 895 1176; x_wconf 89' lang='lat' dir='ltr'><strong>multis</strong></span> <span class='ocrx_word' id='word_1_59' title='bbox 931 1133 1000 1177; x_wconf 89' lang='lat' dir='ltr'><strong>esse</strong></span> 
     </span>
     <span class='ocr_line' id='line_1_11' title="bbox 57 1197 1001 1284; baseline 0 -20"><span class='ocrx_word' id='word_1_60' title='bbox 57 1200 190 1283; x_wconf 76' lang='lat' dir='ltr'><strong>partibus</strong></span> <span class='ocrx_word' id='word_1_61' title='bbox 227 1197 510 1283; x_wconf 83' lang='lat' dir='ltr'><strong>anteponendam?</strong></span> <span class='ocrx_word' id='word_1_62' title='bbox 550 1198 595 1264; x_wconf 81' lang='lat' dir='ltr'><strong>Et</strong></span> <span class='ocrx_word' id='word_1_63' title='bbox 626 1201 653 1264; x_wconf 90' lang='lat' dir='ltr'><strong>si</strong></span> <span class='ocrx_word' id='word_1_64' title='bbox 685 1221 780 1264; x_wconf 89' lang='lat' dir='ltr'><strong>nemo</strong></span> <span class='ocrx_word' id='word_1_65' title='bbox 807 1203 870 1284; x_wconf 89' lang='lat' dir='ltr'><strong>est,</strong></span> <span class='ocrx_word' id='word_1_66' title='bbox 906 1222 1001 1284; x_wconf 90' lang='lat' dir='ltr'><strong>quem</strong></span> 
     </span>
     <span class='ocr_line' id='line_1_12' title="bbox 59 1287 1000 1372; baseline 0.002 -22"><span class='ocrx_word' id='word_1_67' title='bbox 59 1309 115 1352; x_wconf 89' lang='lat' dir='ltr'><strong>non</strong></span> <span class='ocrx_word' id='word_1_68' title='bbox 135 1289 185 1352; x_wconf 90' lang='lat' dir='ltr'><strong>vel</strong></span> <span class='ocrx_word' id='word_1_69' title='bbox 207 1287 313 1352; x_wconf 90' lang='lat' dir='ltr'><strong>nitido</strong></span> <span class='ocrx_word' id='word_1_70' title='bbox 337 1290 493 1371; x_wconf 82' lang='lat' dir='ltr'><strong>concepta</strong></span> <span class='ocrx_word' id='word_1_71' title='bbox 516 1289 644 1371; x_wconf 88' lang='lat' dir='ltr'><strong>speculo</strong></span> <span class='ocrx_word' id='word_1_72' title='bbox 672 1289 723 1352; x_wconf 89' lang='lat' dir='ltr'><strong>vel</strong></span> <span class='ocrx_word' id='word_1_73' title='bbox 750 1289 846 1372; x_wconf 88' lang='lat' dir='ltr'><strong>periti</strong></span> <span class='ocrx_word' id='word_1_74' title='bbox 869 1289 1000 1353; x_wconf 81' lang='lat' dir='ltr'><strong>artificis</strong></span> 
     </span>
     <span class='ocr_line' id='line_1_13' title="bbox 61 1376 1000 1462; baseline 0.002 -24"><span class='ocrx_word' id='word_1_75' title='bbox 61 1397 194 1459; x_wconf 89' lang='lat' dir='ltr'><strong>expressa</strong></span> <span class='ocrx_word' id='word_1_76' title='bbox 217 1398 317 1440; x_wconf 86' lang='lat' dir='ltr'><strong>manu</strong></span> <span class='ocrx_word' id='word_1_77' title='bbox 340 1376 483 1460; x_wconf 88' lang='lat' dir='ltr'><strong>corporis</strong></span> <span class='ocrx_word' id='word_1_78' title='bbox 507 1377 556 1440; x_wconf 91' lang='lat' dir='ltr'><strong>sui</strong></span> <span class='ocrx_word' id='word_1_79' title='bbox 578 1377 683 1462; x_wconf 89' lang='lat' dir='ltr'><strong>figura</strong></span> <span class='ocrx_word' id='word_1_80' title='bbox 706 1376 854 1440; x_wconf 86' lang='lat' dir='ltr'><strong>delectet:</strong></span> <span class='ocrx_word' id='word_1_81' title='bbox 878 1381 1000 1460; x_wconf 88' lang='lat' dir='ltr'><strong>quanto</strong></span> 
     </span>
     <span class='ocr_line' id='line_1_14' title="bbox 59 1464 1000 1549; baseline 0.001 -22"><span class='ocrx_word' id='word_1_82' title='bbox 59 1464 216 1529; x_wconf 88' lang='lat' dir='ltr'><strong>iucundius</strong></span> <span class='ocrx_word' id='word_1_83' title='bbox 241 1467 426 1549; x_wconf 83' lang='lat' dir='ltr'><strong>quantoque</strong></span> <span class='ocrx_word' id='word_1_84' title='bbox 446 1465 575 1528; x_wconf 84' lang='lat' dir='ltr'><strong>suavius</strong></span> <span class='ocrx_word' id='word_1_85' title='bbox 595 1485 664 1529; x_wconf 89' lang='lat' dir='ltr'><strong>esse</strong></span> <span class='ocrx_word' id='word_1_86' title='bbox 687 1464 795 1547; x_wconf 88' lang='lat' dir='ltr'><strong>debet,</strong></span> <span class='ocrx_word' id='word_1_87' title='bbox 818 1485 1000 1548; x_wconf 80' lang='lat' dir='ltr'><strong>expressam</strong></span> 
     </span>
     <span class='ocr_line' id='line_1_15' title="bbox 58 1552 1001 1638; baseline 0.001 -23"><span class='ocrx_word' id='word_1_88' title='bbox 58 1553 306 1617; x_wconf 85' lang='lat' dir='ltr'><strong>doctissimorum</strong></span> <span class='ocrx_word' id='word_1_89' title='bbox 333 1553 501 1617; x_wconf 84' lang='lat' dir='ltr'><strong>hominum</strong></span> <span class='ocrx_word' id='word_1_90' title='bbox 529 1552 669 1638; x_wconf 89' lang='lat' dir='ltr'><strong>ingeniis</strong></span> <span class='ocrx_word' id='word_1_91' title='bbox 702 1552 801 1616; x_wconf 91' lang='lat' dir='ltr'><strong>animi</strong></span> <span class='ocrx_word' id='word_1_92' title='bbox 833 1554 883 1618; x_wconf 93' lang='lat' dir='ltr'><strong>sui</strong></span> <span class='ocrx_word' id='word_1_93' title='bbox 910 1553 1001 1636; x_wconf 90' lang='lat' dir='ltr'><strong>quasi</strong></span> 
     </span>
     <span class='ocr_line' id='line_1_16' title="bbox 60 1639 1000 1726; baseline 0 -22"><span class='ocrx_word' id='word_1_94' title='bbox 60 1641 209 1722; x_wconf 87' lang='lat' dir='ltr'><strong>quandam</strong></span> <span class='ocrx_word' id='word_1_95' title='bbox 236 1641 412 1726; x_wconf 89' lang='lat' dir='ltr'><strong>imaginem</strong></span> <span class='ocrx_word' id='word_1_96' title='bbox 439 1639 607 1706; x_wconf 87' lang='lat' dir='ltr'><strong>contueri?</strong></span> <span class='ocrx_word' id='word_1_97' title='bbox 648 1639 731 1716; x_wconf 80' lang='lat' dir='ltr'><strong>Quid</strong></span> <span class='ocrx_word' id='word_1_98' title='bbox 758 1640 859 1705; x_wconf 81' lang='lat' dir='ltr'><strong>illud?</strong></span> <span class='ocrx_word' id='word_1_99' title='bbox 888 1642 1000 1725; x_wconf 89' lang='lat' dir='ltr'><strong>quanti</strong></span> 
     </span>
     <span class='ocr_line' id='line_1_17' title="bbox 59 1728 1000 1813; baseline 0.002 -21"><span class='ocrx_word' id='word_1_100' title='bbox 59 1729 179 1793; x_wconf 86' lang='lat' dir='ltr'><strong>tandem</strong></span> <span class='ocrx_word' id='word_1_101' title='bbox 205 1729 391 1794; x_wconf 89' lang='lat' dir='ltr'><strong>faciendum</strong></span> <span class='ocrx_word' id='word_1_102' title='bbox 417 1729 553 1813; x_wconf 87' lang='lat' dir='ltr'><strong>putatis,</strong></span> <span class='ocrx_word' id='word_1_103' title='bbox 580 1728 666 1812; x_wconf 91' lang='lat' dir='ltr'><strong>quod</strong></span> <span class='ocrx_word' id='word_1_104' title='bbox 694 1750 767 1794; x_wconf 90' lang='lat' dir='ltr'><strong>oum</strong></span> <span class='ocrx_word' id='word_1_105' title='bbox 792 1730 893 1793; x_wconf 83' lang='lat' dir='ltr'><strong>vitam</strong></span> <span class='ocrx_word' id='word_1_106' title='bbox 920 1729 1000 1794; x_wconf 90' lang='lat' dir='ltr'><strong>nihil</strong></span> 
     </span>
     <span class='ocr_line' id='line_1_18' title="bbox 60 1817 1001 1902; baseline 0 -20"><span class='ocrx_word' id='word_1_107' title='bbox 60 1817 149 1902; x_wconf 82' lang='lat' dir='ltr'><strong>magis</strong></span> <span class='ocrx_word' id='word_1_108' title='bbox 177 1817 364 1901; x_wconf 86' lang='lat' dir='ltr'><strong>conturbet,</strong></span> <span class='ocrx_word' id='word_1_109' title='bbox 392 1839 488 1901; x_wconf 88' lang='lat' dir='ltr'><strong>quam</strong></span> <span class='ocrx_word' id='word_1_110' title='bbox 516 1817 629 1881; x_wconf 89' lang='lat' dir='ltr'><strong>mortis</strong></span> <span class='ocrx_word' id='word_1_111' title='bbox 651 1820 769 1902; x_wconf 87' lang='lat' dir='ltr'><strong>metus,</strong></span> <span class='ocrx_word' id='word_1_112' title='bbox 792 1838 846 1882; x_wconf 87' lang='lat' dir='ltr'><strong>eas</strong></span> <span class='ocrx_word' id='word_1_113' title='bbox 869 1839 930 1882; x_wconf 91' lang='lat' dir='ltr'><strong>nos</strong></span> <span class='ocrx_word' id='word_1_114' title='bbox 952 1840 1001 1882; x_wconf 89' lang='lat' dir='ltr'><strong>re-</strong></span> 
     </span>
     <span class='ocr_line' id='line_1_19' title="bbox 59 1905 1001 1990; baseline 0.001 -23"><span class='ocrx_word' id='word_1_115' title='bbox 59 1905 159 1989; x_wconf 89' lang='lat' dir='ltr'><strong>tiones,</strong></span> <span class='ocrx_word' id='word_1_116' title='bbox 174 1906 292 1990; x_wconf 91' lang='lat' dir='ltr'><strong>quibus</strong></span> <span class='ocrx_word' id='word_1_117' title='bbox 306 1906 360 1970; x_wconf 92' lang='lat' dir='ltr'><strong>ille</strong></span> <span class='ocrx_word' id='word_1_118' title='bbox 375 1906 527 1990; x_wconf 90' lang='lat' dir='ltr'><strong>pellatur,</strong></span> <span class='ocrx_word' id='word_1_119' title='bbox 541 1906 695 1971; x_wconf 74' lang='lat' dir='ltr'><strong>allaturos</strong></span> <span class='ocrx_word' id='word_1_120' title='bbox 710 1927 779 1970; x_wconf 88' lang='lat' dir='ltr'><strong>esse</strong></span> <span class='ocrx_word' id='word_1_121' title='bbox 793 1905 1001 1989; x_wconf 77' lang='lat' dir='ltr'><strong>profitemur?</strong></span> 
     </span>
     <span class='ocr_line' id='line_1_20' title="bbox 60 1991 1002 2079; baseline 0 -23"><span class='ocrx_word' id='word_1_122' title='bbox 60 1991 124 2058; x_wconf 91' lang='lat' dir='ltr'><strong>Non</strong></span> <span class='ocrx_word' id='word_1_123' title='bbox 136 1995 206 2059; x_wconf 91' lang='lat' dir='ltr'><strong>sine</strong></span> <span class='ocrx_word' id='word_1_124' title='bbox 220 1994 349 2079; x_wconf 89' lang='lat' dir='ltr'><strong>magnis</strong></span> <span class='ocrx_word' id='word_1_125' title='bbox 363 1994 442 2058; x_wconf 88' lang='lat' dir='ltr'><strong>haec</strong></span> <span class='ocrx_word' id='word_1_126' title='bbox 451 1995 530 2058; x_wconf 90' lang='lat' dir='ltr'><strong>meis</strong></span> <span class='ocrx_word' id='word_1_127' title='bbox 543 1993 718 2076; x_wconf 89' lang='lat' dir='ltr'><strong>laboribus,</strong></span> <span class='ocrx_word' id='word_1_128' title='bbox 732 1993 910 2076; x_wconf 87' lang='lat' dir='ltr'><strong>sudoribus,</strong></span> <span class='ocrx_word' id='word_1_129' title='bbox 923 1993 1002 2078; x_wconf 85' lang='lat' dir='ltr'><strong>vigi-</strong></span> 
     </span>
     <span class='ocr_line' id='line_1_21' title="bbox 61 2081 1004 2166; baseline 0.002 -22"><span class='ocrx_word' id='word_1_130' title='bbox 61 2082 105 2144; x_wconf 88' lang='lat' dir='ltr'><strong>liis</strong></span> <span class='ocrx_word' id='word_1_131' title='bbox 123 2082 214 2166; x_wconf 85' lang='lat' dir='ltr'><strong>fient;</strong></span> <span class='ocrx_word' id='word_1_132' title='bbox 243 2082 299 2146; x_wconf 88' lang='lat' dir='ltr'><strong>sed</strong></span> <span class='ocrx_word' id='word_1_133' title='bbox 322 2082 402 2146; x_wconf 92' lang='lat' dir='ltr'><strong>mihi</strong></span> <span class='ocrx_word' id='word_1_134' title='bbox 424 2103 497 2146; x_wconf 90' lang='lat' dir='ltr'><strong>oum</strong></span> <span class='ocrx_word' id='word_1_135' title='bbox 519 2103 626 2146; x_wconf 91' lang='lat' dir='ltr'><strong>rerum</strong></span> <span class='ocrx_word' id='word_1_136' title='bbox 647 2081 791 2164; x_wconf 88' lang='lat' dir='ltr'><strong>ipsarum</strong></span> <span class='ocrx_word' id='word_1_137' title='bbox 813 2081 1004 2164; x_wconf 87' lang='lat' dir='ltr'><strong>pulcritudo,</strong></span> 
     </span>
     <span class='ocr_line' id='line_1_22' title="bbox 60 2169 1002 2258; baseline 0 -24"><span class='ocrx_word' id='word_1_138' title='bbox 60 2173 118 2234; x_wconf 91' lang='lat' dir='ltr'><strong>tum</strong></span> <span class='ocrx_word' id='word_1_139' title='bbox 146 2171 402 2258; x_wconf 86' lang='lat' dir='ltr'><strong>flagrantissima</strong></span> <span class='ocrx_word' id='word_1_140' title='bbox 433 2171 590 2254; x_wconf 88' lang='lat' dir='ltr'><strong>cupiditas</strong></span> <span class='ocrx_word' id='word_1_141' title='bbox 623 2169 730 2234; x_wconf 87' lang='lat' dir='ltr'><strong>studia</strong></span> <span class='ocrx_word' id='word_1_142' title='bbox 760 2173 868 2234; x_wconf 86' lang='lat' dir='ltr'><strong>vestra</strong></span> <span class='ocrx_word' id='word_1_143' title='bbox 899 2169 1002 2234; x_wconf 89' lang='lat' dir='ltr'><strong>modis</strong></span> 
     </span>
     <span class='ocr_line' id='line_1_23' title="bbox 60 2257 1002 2342; baseline 0.002 -21"><span class='ocrx_word' id='word_1_144' title='bbox 60 2261 197 2327; x_wconf 87' lang='lat' dir='ltr'><strong>omnibus</strong></span> <span class='ocrx_word' id='word_1_145' title='bbox 222 2259 409 2342; x_wconf 87' lang='lat' dir='ltr'><strong>adiuvandi,</strong></span> <span class='ocrx_word' id='word_1_146' title='bbox 432 2279 560 2324; x_wconf 92' lang='lat' dir='ltr'><strong>omnem</strong></span> <span class='ocrx_word' id='word_1_147' title='bbox 582 2258 727 2323; x_wconf 87' lang='lat' dir='ltr'><strong>laborem</strong></span> <span class='ocrx_word' id='word_1_148' title='bbox 748 2279 816 2323; x_wconf 89' lang='lat' dir='ltr'><strong>non</strong></span> <span class='ocrx_word' id='word_1_149' title='bbox 838 2257 933 2322; x_wconf 91' lang='lat' dir='ltr'><strong>modo</strong></span> <span class='ocrx_word' id='word_1_150' title='bbox 956 2258 1002 2323; x_wconf 89' lang='lat' dir='ltr'><strong>fa·</strong></span> 
     </span>
     <span class='ocr_line' id='line_1_24' title="bbox 59 2346 1003 2430; baseline 0.003 -21"><span class='ocrx_word' id='word_1_151' title='bbox 59 2347 140 2412; x_wconf 89' lang='lat' dir='ltr'><strong>cilem</strong></span> <span class='ocrx_word' id='word_1_152' title='bbox 154 2369 193 2412; x_wconf 88' lang='lat' dir='ltr'><strong>ac</strong></span> <span class='ocrx_word' id='word_1_153' title='bbox 206 2347 422 2430; x_wconf 85' lang='lat' dir='ltr'><strong>tolerabilem,</strong></span> <span class='ocrx_word' id='word_1_154' title='bbox 436 2368 547 2411; x_wconf 89' lang='lat' dir='ltr'><strong>verum</strong></span> <span class='ocrx_word' id='word_1_155' title='bbox 564 2347 662 2411; x_wconf 88' lang='lat' dir='ltr'><strong>etiam</strong></span> <span class='ocrx_word' id='word_1_156' title='bbox 678 2347 803 2411; x_wconf 89' lang='lat' dir='ltr'><strong>dulcem</strong></span> <span class='ocrx_word' id='word_1_157' title='bbox 816 2346 1003 2412; x_wconf 90' lang='lat' dir='ltr'><strong>iucundum·</strong></span> 
     </span>
     <span class='ocr_line' id='line_1_25' title="bbox 58 2434 1005 2520; baseline -0.002 -20"><span class='ocrx_word' id='word_1_158' title='bbox 58 2456 109 2517; x_wconf 91' lang='lat' dir='ltr'><strong>que</strong></span> <span class='ocrx_word' id='word_1_159' title='bbox 130 2436 247 2501; x_wconf 89' lang='lat' dir='ltr'><strong>reddit.</strong></span> <span class='ocrx_word' id='word_1_160' title='bbox 279 2434 372 2501; x_wconf 81' lang='lat' dir='ltr'><strong>Alios</strong></span> <span class='ocrx_word' id='word_1_161' title='bbox 390 2436 537 2520; x_wconf 86' lang='lat' dir='ltr'><strong>vulgaria</strong></span> <span class='ocrx_word' id='word_1_162' title='bbox 555 2439 651 2519; x_wconf 88' lang='lat' dir='ltr'><strong>atque</strong></span> <span class='ocrx_word' id='word_1_163' title='bbox 671 2435 817 2500; x_wconf 86' lang='lat' dir='ltr'><strong>obsoleta</strong></span> <span class='ocrx_word' id='word_1_164' title='bbox 837 2435 1005 2517; x_wconf 89' lang='lat' dir='ltr'><strong>delectent,</strong></span> 
     </span>
     <span class='ocr_line' id='line_1_26' title="bbox 58 2522 1005 2608; baseline 0.001 -23"><span class='ocrx_word' id='word_1_165' title='bbox 58 2545 106 2588; x_wconf 80' lang='lat' dir='ltr'><strong>vos</strong></span> <span class='ocrx_word' id='word_1_166' title='bbox 118 2546 260 2608; x_wconf 89' lang='lat' dir='ltr'><strong>mecum,</strong></span> <span class='ocrx_word' id='word_1_167' title='bbox 277 2523 465 2606; x_wconf 81' lang='lat' dir='ltr'><strong>Auditores,</strong></span> <span class='ocrx_word' id='word_1_168' title='bbox 484 2524 524 2587; x_wconf 93' lang='lat' dir='ltr'><strong>ad</strong></span> <span class='ocrx_word' id='word_1_169' title='bbox 538 2524 618 2587; x_wconf 89' lang='lat' dir='ltr'><strong>haec</strong></span> <span class='ocrx_word' id='word_1_170' title='bbox 631 2522 797 2588; x_wconf 89' lang='lat' dir='ltr'><strong>recondita</strong></span> <span class='ocrx_word' id='word_1_171' title='bbox 811 2526 843 2588; x_wconf 91' lang='lat' dir='ltr'><strong>et</strong></span> <span class='ocrx_word' id='word_1_172' title='bbox 857 2524 1005 2588; x_wconf 85' lang='lat' dir='ltr'><strong>abstrusa</strong></span> 
     </span>
     <span class='ocr_line' id='line_1_27' title="bbox 57 2611 1004 2696; baseline 0 -20"><span class='ocrx_word' id='word_1_173' title='bbox 57 2613 244 2678; x_wconf 87' lang='lat' dir='ltr'><strong>contendite.</strong></span> <span class='ocrx_word' id='word_1_174' title='bbox 262 2611 341 2677; x_wconf 90' lang='lat' dir='ltr'><strong>Illos</strong></span> <span class='ocrx_word' id='word_1_175' title='bbox 355 2611 502 2695; x_wconf 88' lang='lat' dir='ltr'><strong>humilia,</strong></span> <span class='ocrx_word' id='word_1_176' title='bbox 512 2633 571 2676; x_wconf 91' lang='lat' dir='ltr'><strong>nos</strong></span> <span class='ocrx_word' id='word_1_177' title='bbox 582 2611 744 2695; x_wconf 89' lang='lat' dir='ltr'><strong>sublimia,</strong></span> <span class='ocrx_word' id='word_1_178' title='bbox 757 2611 830 2676; x_wconf 92' lang='lat' dir='ltr'><strong>illos</strong></span> <span class='ocrx_word' id='word_1_179' title='bbox 842 2612 1004 2696; x_wconf 76' lang='lat' dir='ltr'><strong>proclivia,</strong></span> 
     </span>
     <span class='ocr_line' id='line_1_28' title="bbox 56 2699 1005 2784; baseline -0.001 -20"><span class='ocrx_word' id='word_1_180' title='bbox 56 2721 107 2765; x_wconf 85' lang='lat' dir='ltr'><strong>nos</strong></span> <span class='ocrx_word' id='word_1_181' title='bbox 130 2701 246 2784; x_wconf 88' lang='lat' dir='ltr'><strong>ardua,</strong></span> <span class='ocrx_word' id='word_1_182' title='bbox 273 2701 347 2766; x_wconf 90' lang='lat' dir='ltr'><strong>illos</strong></span> <span class='ocrx_word' id='word_1_183' title='bbox 374 2701 409 2764; x_wconf 90' lang='lat' dir='ltr'><strong>in</strong></span> <span class='ocrx_word' id='word_1_184' title='bbox 435 2703 588 2784; x_wconf 89' lang='lat' dir='ltr'><strong>promptu</strong></span> <span class='ocrx_word' id='word_1_185' title='bbox 614 2699 734 2784; x_wconf 88' lang='lat' dir='ltr'><strong>posita,</strong></span> <span class='ocrx_word' id='word_1_186' title='bbox 760 2721 821 2765; x_wconf 89' lang='lat' dir='ltr'><strong>nos</strong></span> <span class='ocrx_word' id='word_1_187' title='bbox 848 2722 869 2763; x_wconf 91' lang='lat' dir='ltr'><strong>a</strong></span> <span class='ocrx_word' id='word_1_188' title='bbox 894 2701 1005 2784; x_wconf 89' lang='lat' dir='ltr'><strong>vulga-</strong></span> 
     </span>
     <span class='ocr_line' id='line_1_29' title="bbox 57 2787 1006 2871; baseline 0 -19"><span class='ocrx_word' id='word_1_189' title='bbox 57 2790 131 2854; x_wconf 89' lang='lat' dir='ltr'><strong>rium</strong></span> <span class='ocrx_word' id='word_1_190' title='bbox 168 2789 272 2854; x_wconf 88' lang='lat' dir='ltr'><strong>oculis</strong></span> <span class='ocrx_word' id='word_1_191' title='bbox 307 2793 447 2854; x_wconf 86' lang='lat' dir='ltr'><strong>remota¹</strong></span> <span class='ocrx_word' id='word_1_192' title='bbox 469 2787 642 2871; x_wconf 82' lang='lat' dir='ltr'><strong>delectent3</strong></span> <span class='ocrx_word' id='word_1_193' title='bbox 677 2788 751 2852; x_wconf 92' lang='lat' dir='ltr'><strong>illos</strong></span> <span class='ocrx_word' id='word_1_194' title='bbox 783 2788 943 2852; x_wconf 88' lang='lat' dir='ltr'><strong>deterreat</strong></span> <span class='ocrx_word' id='word_1_195' title='bbox 974 2792 1006 2852; x_wconf 90' lang='lat' dir='ltr'><strong>et</strong></span> 
     </span>
     <span class='ocr_line' id='line_1_30' title="bbox 57 2876 1005 2960; baseline 0 -20"><span class='ocrx_word' id='word_1_196' title='bbox 57 2879 211 2942; x_wconf 87' lang='lat' dir='ltr'><strong>exanimet</strong></span> <span class='ocrx_word' id='word_1_197' title='bbox 230 2877 418 2960; x_wconf 86' lang='lat' dir='ltr'><strong>difficultas,</strong></span> <span class='ocrx_word' id='word_1_198' title='bbox 436 2898 496 2941; x_wconf 88' lang='lat' dir='ltr'><strong>nos</strong></span> <span class='ocrx_word' id='word_1_199' title='bbox 516 2879 649 2942; x_wconf 86' lang='lat' dir='ltr'><strong>exacuat</strong></span> <span class='ocrx_word' id='word_1_200' title='bbox 667 2879 700 2940; x_wconf 89' lang='lat' dir='ltr'><strong>ct</strong></span> <span class='ocrx_word' id='word_1_201' title='bbox 718 2876 914 2958; x_wconf 72' lang='lat' dir='ltr'><strong>exstimulat,</strong></span> <span class='ocrx_word' id='word_1_202' title='bbox 932 2877 1005 2940; x_wconf 89' lang='lat' dir='ltr'><strong>illos</strong></span> 
     </span>
     <span class='ocr_line' id='line_1_31' title="bbox 56 2964 1007 3052; baseline 0 -25"><span class='ocrx_word' id='word_1_203' title='bbox 56 2964 182 3052; x_wconf 84' lang='lat' dir='ltr'><strong>frangat</strong></span> <span class='ocrx_word' id='word_1_204' title='bbox 200 2987 239 3031; x_wconf 90' lang='lat' dir='ltr'><strong>ac</strong></span> <span class='ocrx_word' id='word_1_205' title='bbox 257 2965 415 3049; x_wconf 86' lang='lat' dir='ltr'><strong>debilitet,</strong></span> <span class='ocrx_word' id='word_1_206' title='bbox 438 2985 498 3030; x_wconf 85' lang='lat' dir='ltr'><strong>nos</strong></span> <span class='ocrx_word' id='word_1_207' title='bbox 517 2965 684 3030; x_wconf 88' lang='lat' dir='ltr'><strong>confirmet</strong></span> <span class='ocrx_word' id='word_1_208' title='bbox 702 2985 739 3028; x_wconf 89' lang='lat' dir='ltr'><strong>ae</strong></span> <span class='ocrx_word' id='word_1_209' title='bbox 757 2964 881 3028; x_wconf 89' lang='lat' dir='ltr'><strong>reficiat</strong></span> <span class='ocrx_word' id='word_1_210' title='bbox 902 2964 1007 3046; x_wconf 81' lang='lat' dir='ltr'><strong>labor3</strong></span> 
     </span>
     <span class='ocr_line' id='line_1_32' title="bbox 56 3052 1007 3138; baseline -0.001 -21"><span class='ocrx_word' id='word_1_211' title='bbox 56 3053 96 3117; x_wconf 92' lang='lat' dir='ltr'><strong>illi</strong></span> <span class='ocrx_word' id='word_1_212' title='bbox 117 3055 202 3119; x_wconf 90' lang='lat' dir='ltr'><strong>nihil</strong></span> <span class='ocrx_word' id='word_1_213' title='bbox 225 3054 287 3118; x_wconf 90' lang='lat' dir='ltr'><strong>sibi</strong></span> <span class='ocrx_word' id='word_1_214' title='bbox 309 3058 508 3138; x_wconf 88' lang='lat' dir='ltr'><strong>proponant,</strong></span> <span class='ocrx_word' id='word_1_215' title='bbox 529 3054 615 3137; x_wconf 91' lang='lat' dir='ltr'><strong>quod</strong></span> <span class='ocrx_word' id='word_1_216' title='bbox 636 3073 704 3118; x_wconf 90' lang='lat' dir='ltr'><strong>non</strong></span> <span class='ocrx_word' id='word_1_217' title='bbox 727 3052 861 3135; x_wconf 90' lang='lat' dir='ltr'><strong>quilibet</strong></span> <span class='ocrx_word' id='word_1_218' title='bbox 883 3073 966 3116; x_wconf 91' lang='lat' dir='ltr'><strong>unus</strong></span> <span class='ocrx_word' id='word_1_219' title='bbox 989 3074 1007 3116; x_wconf 91' lang='lat' dir='ltr'><strong>e</strong></span> 
     </span>
     <span class='ocr_line' id='line_1_33' title="bbox 7 3139 1007 3226; baseline 0.002 -22"><span class='ocrx_word' id='word_1_220' title='bbox 7 3161 8 3166; x_wconf 47' lang='lat'>¹</span> <span class='ocrx_word' id='word_1_221' title='bbox 57 3143 159 3207; x_wconf 85' lang='lat' dir='ltr'><strong>multis</strong></span> <span class='ocrx_word' id='word_1_222' title='bbox 192 3143 347 3226; x_wconf 87' lang='lat' dir='ltr'><strong>consequi</strong></span> <span class='ocrx_word' id='word_1_223' title='bbox 385 3142 501 3226; x_wconf 87' lang='lat' dir='ltr'><strong>possit,</strong></span> <span class='ocrx_word' id='word_1_224' title='bbox 537 3163 597 3206; x_wconf 92' lang='lat' dir='ltr'><strong>nos</strong></span> <span class='ocrx_word' id='word_1_225' title='bbox 629 3139 784 3224; x_wconf 91' lang='lat' dir='ltr'><strong>quidquid</strong></span> <span class='ocrx_word' id='word_1_226' title='bbox 815 3139 926 3225; x_wconf 84' lang='lat' dir='ltr'><strong>ignavi</strong></span> <span class='ocrx_word' id='word_1_227' title='bbox 956 3143 1007 3206; x_wconf 83' lang='lat' dir='ltr'><strong>rel</strong></span> 
     </span>
     <span class='ocr_line' id='line_1_34' title="bbox 7 3227 1006 3314; baseline 0.002 -22"><span class='ocrx_word' id='word_1_228' title='bbox 7 3279 8 3284; x_wconf 31' lang='lat'>1</span> <span class='ocrx_word' id='word_1_229' title='bbox 57 3251 179 3312; x_wconf 85' lang='lat' dir='ltr'><strong>sperare</strong></span> <span class='ocrx_word' id='word_1_230' title='bbox 202 3230 357 3314; x_wconf 88' lang='lat' dir='ltr'><strong>audeant,</strong></span> <span class='ocrx_word' id='word_1_231' title='bbox 383 3233 496 3294; x_wconf 88' lang='lat' dir='ltr'><strong>nostro</strong></span> <span class='ocrx_word' id='word_1_232' title='bbox 523 3229 693 3314; x_wconf 91' lang='lat' dir='ltr'><strong>indignum</strong></span> <span class='ocrx_word' id='word_1_233' title='bbox 721 3227 827 3293; x_wconf 90' lang='lat' dir='ltr'><strong>studio</strong></span> <span class='ocrx_word' id='word_1_234' title='bbox 855 3249 924 3294; x_wconf 87' lang='lat' dir='ltr'><strong>esse</strong></span> <span class='ocrx_word' id='word_1_235' title='bbox 952 3230 1006 3294; x_wconf 91' lang='lat' dir='ltr'><strong>du·</strong></span> 
     </span>
     <span class='ocr_line' id='line_1_35' title="bbox 58 3337 169 3385; baseline -0.009 -1"><span class='ocrx_word' id='word_1_236' title='bbox 58 3337 169 3385; x_wconf 83' lang='lat' dir='ltr'><strong>camus.</strong></span> 
     </span>
    </p>

    <p class='ocr_par' dir='ltr' id='par_1_3' title="bbox 8 3406 1009 3668">
     <span class='ocr_line' id='line_1_36' title="bbox 8 3406 1009 3492; baseline -0.003 -19"><span class='ocrx_word' id='word_1_237' title='bbox 8 3447 9 3450; x_wconf 61' lang='lat'><em>=</em></span> <span class='ocrx_word' id='word_1_238' title='bbox 115 3406 179 3474; x_wconf 84' lang='lat' dir='ltr'><strong>Sed</strong></span> <span class='ocrx_word' id='word_1_239' title='bbox 211 3408 367 3492; x_wconf 88' lang='lat' dir='ltr'><strong>quoniam</strong></span> <span class='ocrx_word' id='word_1_240' title='bbox 397 3407 546 3472; x_wconf 89' lang='lat' dir='ltr'><strong>nonnulli</strong></span> <span class='ocrx_word' id='word_1_241' title='bbox 576 3406 793 3490; x_wconf 89' lang='lat' dir='ltr'><strong>reperiuntur,</strong></span> <span class='ocrx_word' id='word_1_242' title='bbox 828 3407 897 3490; x_wconf 93' lang='lat' dir='ltr'><strong>qui,</strong></span> <span class='ocrx_word' id='word_1_243' title='bbox 923 3407 1009 3490; x_wconf 91' lang='lat' dir='ltr'><strong>quod</strong></span> 
     </span>
     <span class='ocr_line' id='line_1_37' title="bbox 59 3494 1008 3581; baseline 0.003 -26"><span class='ocrx_word' id='word_1_244' title='bbox 59 3497 102 3559; x_wconf 87' lang='lat' dir='ltr'><strong>vel</strong></span> <span class='ocrx_word' id='word_1_245' title='bbox 119 3497 237 3563; x_wconf 88' lang='lat' dir='ltr'><strong>erroris</strong></span> <span class='ocrx_word' id='word_1_246' title='bbox 256 3497 395 3581; x_wconf 87' lang='lat' dir='ltr'><strong>caligine</strong></span> <span class='ocrx_word' id='word_1_247' title='bbox 410 3495 584 3579; x_wconf 85' lang='lat' dir='ltr'><strong>occaecati,</strong></span> <span class='ocrx_word' id='word_1_248' title='bbox 602 3495 682 3558; x_wconf 87' lang='lat' dir='ltr'><strong>haec</strong></span> <span class='ocrx_word' id='word_1_249' title='bbox 696 3494 920 3578; x_wconf 87' lang='lat' dir='ltr'><strong>philosophiae</strong></span> <span class='ocrx_word' id='word_1_250' title='bbox 935 3515 1008 3558; x_wconf 92' lang='lat' dir='ltr'><strong>cum</strong></span> 
     </span>
     <span class='ocr_line' id='line_1_38' title="bbox 8 3573 1008 3668; baseline -0.011 -14"><span class='ocrx_word' id='word_1_251' title='bbox 8 3573 9 3654; x_wconf 84' lang='lat' dir='ltr'><strong>l</strong></span> <span class='ocrx_word' id='word_1_252' title='bbox 59 3583 235 3668; x_wconf 85' lang='lat' dir='ltr'><strong>eloquentia</strong></span> <span class='ocrx_word' id='word_1_253' title='bbox 248 3584 434 3651; x_wconf 88' lang='lat' dir='ltr'><strong>coniunctio</strong></span> <span class='ocrx_word' id='word_1_254' title='bbox 449 3605 546 3668; x_wconf 89' lang='lat' dir='ltr'><strong>quam</strong></span> <span class='ocrx_word' id='word_1_255' title='bbox 560 3583 603 3648; x_wconf 86' lang='lat' dir='ltr'><strong>sit</strong></span> <span class='ocrx_word' id='word_1_256' title='bbox 615 3582 795 3665; x_wconf 87' lang='lat' dir='ltr'><strong>fructuosa,</strong></span> <span class='ocrx_word' id='word_1_257' title='bbox 808 3603 876 3647; x_wconf 91' lang='lat' dir='ltr'><strong>non</strong></span> <span class='ocrx_word' id='word_1_258' title='bbox 889 3581 1008 3663; x_wconf 82' lang='lat' dir='ltr'><strong>vident,</strong></span> 
     </span>
    </p>
   </div>
   <div class='ocr_carea' id='block_1_3' title="bbox 0 0 1188 3944">
    <p class='ocr_par' dir='ltr' id='par_1_4' title="bbox 0 0 1188 3944">
     <span class='ocr_line' id='line_1_39' title="bbox 0 0 1188 3944; baseline 0 0"><span class='ocrx_word' id='word_1_259' title='bbox 0 0 1188 3944; x_wconf 95' lang='lat' dir='ltr'><strong> </strong></span> 
     </span>
    </p>
   </div>
  </div>
 </body>
</html>
