2326 3942
361 193 541 250 EPISTOLA
559 195 644 250 XVII.
938 192 975 254 21

66 359 147 401 uerum
169 334 234 425 est)
263 341 297 403 et
328 337 438 405 videor
469 360 538 404 esse
571 339 700 422 eliquia:
733 341 809 422 post
839 337 896 402 ubi
927 337 980 402 ille

64 427 130 508 quasi
148 431 255 492 ventus
277 427 410 512 resedit,
440 428 587 513 agnitum
611 448 751 492 errorem
773 448 881 491 meum
903 426 981 489 taci-

63 519 99 578 tus
116 515 204 600 rideo,
230 536 345 600 meque
372 519 528 600 tanquam
551 516 593 582 ad
620 517 750 582 solitum
773 517 908 600 cultum,
935 515 982 578 ita

61 603 88 666 ad
106 602 243 668 usitatam
265 604 356 668 illam
379 607 412 669 et
434 607 622 690 perpetuam
649 627 754 670 meam
777 605 816 669 de
838 625 890 668 me
914 604 981 687 opi-

60 692 160 756 nionem
183 693 297 758 refero.
344 691 406 758 Sed
432 693 513 758 haee
536 694 650 758 autin
673 693 760 758 aliud
781 696 910 777 tempus
932 714 981 756 re·

59 801 197 866 servemus,
221 785 287 867 aut,
311 782 397 867 quod
420 782 522 847 satius
537 787 595 866 est,
617 783 652 846 in
673 785 865 866 perpetuum
889 782 981 846 omit·

58 873 145 934 lamus.
169 870 241 956 Ego
260 875 302 956 te,
326 869 464 956 Sacrate,
486 893 546 954 pro
561 892 598 935 eo
622 892 660 935 ac
683 871 856 956 singularis
879 869 981 934 virtus

57 963 79 1020 u
106 958 242 1024 doctrina
274 963 307 1024 et
342 961 493 1024 voluntas
525 980 607 1044 ,erga
638 981 689 1024 me
720 959 831 1024 multis
862 961 982 1022 testata

56 1045 144 1112 officiis
168 1049 326 1134 postulat,
349 1051 476 1114 eterno
505 1053 538 1114 et
564 1050 674 1133 magni
700 1047 800 1132 facio,
822 1068 926 1132 neque
948 1046 982 1112 id

55 1134 134 1200 lacere
155 1137 313 1222 desinam,
341 1137 441 1202 donec
463 1141 500 1201 ιιι
523 1139 564 1222 is,
592 1143 717 1221 quies,
745 1157 814 1202 esse
842 1136 982 1220 desieris,

54 1223 117 1304 qued
137 1226 339 1309 exploratum
360 1224 465 1291 habeo
491 1247 659 1311 nunquam
681 1227 759 1291 fore.
796 1224 904 1290 Ardeo
927 1246 982 1289 au·

53 1318 100 1374 tem
118 1314 249 1379 mirifica
273 1314 412 1400 quadam
439 1315 627 1399 eupiditate,
655 1315 682 1380 si
706 1337 770 1400 qua
796 1314 829 1377 id
857 1314 982 1378 ratione

52 1423 122 1466 ame
145 1403 256 1487 perfici
283 1426 326 1488 po
327 1407 404 1488 t,est
430 1407 468 1467 ut
495 1403 593 1467 etiam
619 1403 757 1488 posteris
783 1402 880 1466 huius
909 1422 983 1466 con·

51 1489 213 1587 iurationis
237 1496 368 1557 nostrae
404 1493 559 1557 memoria
594 1491 763 1577 prodatur,
800 1491 983 1573 amicosque

50 1578 142 1644 uixisse
163 1603 242 1666 nos,
269 1603 337 1646 non
360 1581 508 1666 aequales
536 1581 632 1646 modo
655 1580 773 1664 nostri,
796 1579 852 1644 sed
873 1579 984 1643 futura

50 1665 125 1731 etiam
147 1632 276 1734 saecdla
302 1670 496 1772 intelligant.
474 1667 641 1734 tOuius
663 1669 710 1733 rei
738 1631 844 1754 gietia
866 1667 983 1732 consti-

48 1766 150 1822 rueram
181 1761 328 1842 repertas
356 1781 376 1823 a
406 1781 459 1824 me
485 1759 521 1823 in
548 1757 654 1823 Gallie
685 1779 789 1842 neque
816 1778 918 1842 usque
949 1756 985 1819 in

47 1842 115 1909 huna
136 1847 223 1912 diem
246 1871 265 1910 a
289 1869 451 1933 quoquam
473 1848 620 1932 divulgat
621 1869 656 1910 as
605 1845 845 1929 tVictorini,
867 1845 984 1908 veteris

46 1951 97 1996 non
116 1934 257 2000 rhetoris
280 1936 385 2021 modo,
408 1934 669 2020 sedphilosophi
684 1955 824 2037 quoque
834 1954 872 1998 ac
893 1933 984 1998 theo-

45 2021 108 2124 logi,
133 2025 294 2089 lucubrat
271 2028 376 2089 tiones
403 2026 438 2089 in
469 2024 634 2108 publicum
662 2045 725 2088 emi
716 2024 821 2107 ttere3
849 2042 985 2105 cumque

44 2109 69 2171 in
81 2113 121 2178 eis
144 2113 356 2178 emendandis
369 2135 438 2178 non
459 2135 595 2197 parvum
618 2112 761 2178 laborem
775 2113 845 2176 sust
830 2111 985 2194 tulissem,

44 2199 74 2260 ad
93 2204 122 2264 te
144 2201 353 2286 potissimum
367 2203 493 2268 mittere
513 2204 546 2266 et
568 2202 628 2267 tibi
643 2201 735 2286 quasi
759 2200 874 2284 dicare,
898 2199 984 2284 quic-

44 2287 140 2369 quid
130 2311 167 2354 m
196 2290 243 2354 eis
270 2312 342 2354 mea
368 2291 528 2356 industria
555 2291 703 2355 effectum
731 2290 867 2355 esset:
857 2309 985 2373 iamque

42 2376 66 2437 id
84 2377 246 2462 fecissem,
273 2380 334 2444 nisi
358 2401 409 2444 me
433 2381 598 2464 quiddam,
627 2379 713 2464 quod
741 2378 914 2464 aliquando
936 2378 985 2441 in-

42 2465 164 2552 telliges,
186 2469 391 2534 retardasset.
424 2469 473 2534 Τιι
495 2469 628 2552 interea,
650 2469 695 2532 mi
710 2467 985 2552 Sacrate-perges

41 2575 135 2622 amare
163 2577 232 2640 me,
259 2561 296 2620 ut
321 2557 415 2641 facis,
442 2556 565 2642 tibique
589 2560 676 2622 certo
707 2555 927 2642 persuadebis,
953 2558 986 2618 te

42 2663 120 2709 eme
149 2646 269 2710 merite
295 2649 352 2711 tuo
379 2646 569 2710 mirabiliter
596 2647 706 2710 amari.
752 2644 906 2709 Salutabo
928 2646 986 2706 tue

40 2733 161 2798 nomine
183 2733 388 2818 Ianinellum,
411 2735 637 2818 cumprimum
652 2756 724 2799 eum
747 2733 866 2798 videro.
895 2729 986 2796 Vale.
1040 2799 1046 2810 ,

40 2841 62 2882 ι.
81 2821 127 2886 Id.
150 2821 239 2888 Sext
261 2840 403 2888 nnnxln.
426 2822 558 2888 Romae.

431 2983 581 2994 -0-5—

456 3104 562 3172 XVII.

354 3226 471 3282 EIDEM
490 3225 664 3282 SACRATO.

95 3353 125 3419 Ε
150 3358 210 3420 tuo
232 3358 301 3420 tam
323 3355 475 3420 diuturno
490 3353 618 3419 silentio
642 3353 823 3438 suspicatus
837 3374 987 3438 eram,e
955 3355 987 3416 te

36 3439 182 3508 Ferraria
205 3444 315 3510 abesse
320 3444 518 3529 ,ideoque
509 3463 578 3526 ipse
601 3464 728 3527 quoque
751 3441 987 3508 intermiseram

35 3533 181 3617 seribere,
195 3532 297 3598 denec
319 3495 399 3597 inihi
412 3531 590 3597 Martellius
613 3531 761 3615 primurn,
780 3530 895 3594 deinde
909 3527 986 3592 Lae-
