2328 3956
320 225 496 283 EPISTOLA
514 229 637 283 LXXIX.
893 231 954 294 111

34 370 190 436 erudelitate
221 375 254 437 et
289 372 490 438 immanitate
521 377 708 459 pascantur,
744 395 811 439 non
841 375 955 459 placet.

32 459 83 522 Ista
106 460 183 525 enim
215 461 342 526 ratione
372 483 508 527 vacuum
539 463 677 548 relinqui
708 462 870 528 theatrum
901 485 955 528 ne-

32 569 97 612 cesse
117 552 169 614 est.
204 548 254 614 Ac
278 551 352 634 seio,
374 551 452 615 haee
474 551 611 636 figurate
626 551 955 638 dioi31edhocdico,

30 637 139 720 figuram
159 637 264 722 ipsam
286 638 366 703 mihi
388 640 476 704 nullo
499 640 596 705 modo
617 641 758 724 probari.
793 639 855 704 Illa
878 663 955 726 quo-

31 747 85 807 que,
109 747 184 810 quae
212 727 253 790 ad
279 728 428 792 mulieres
456 728 632 813 pertinent,
659 732 696 792 ut
722 728 828 811 lepida
851 732 884 794 et
907 751 955 794 ar·

30 817 87 895 gute
106 814 201 878 videri
225 818 358 900 queant,
386 820 470 881 certe
497 817 637 902 tragicae
661 817 828 902 gravitatis
852 818 956 882 aliena

31 905 91 966 sunt
130 902 186 988 Et,
214 909 252 968 ut
275 905 372 970 semel
399 905 516 990 dicam,
542 909 648 970 totum
674 905 845 990 prologum
873 905 955 970 dele-

30 1011 84 1074 ren,
103 1011 203 1077 neque
226 993 292 1058 ullo
315 1015 446 1077 prorsus
468 994 603 1079 prologo
626 997 740 1060 uterer.
782 993 847 1059 Ubi
870 995 955 1058 enim

29 1078 117 1144 chorus
139 1082 199 1164 est,
223 1082 283 1146 tali
308 1083 517 1166 prologorum
545 1084 655 1168 generi
681 1084 769 1150 locus
797 1105 956 1148 essenon

27 1170 117 1247 potest.
159 1169 305 1254 Etenim,
328 1169 443 1256 Zoppi,
465 1175 589 1238 veteres
615 1175 745 1255 po'e'tae,
773 1170 873 1258 (quod
895 1171 956 1236 tibi

29 1277 127 1341 quoque
148 1280 208 1342 pro
232 1261 289 1322 tua
308 1259 464 1344 singulari
479 1249 664 1326 'eruditione
678 1262 792 1325 notum
815 1283 884 1325 esse
906 1265 957 1325 sat

29 1343 95 1432 cuiq)
120 1347 149 1424 si
174 1347 253 1433 quid
280 1348 321 1413 ad
348 1371 382 1414 se
409 1349 679 1414 commendandos
708 1353 764 1413 aut
787 1349 955 1413 defenden-

28 1431 68 1496 dos
87 1435 184 1512 dicere
207 1457 338 1502 necesse
351 1437 528 1520 habebant,
550 1438 583 1502 id
606 1438 768 1502 faciebant
789 1437 825 1500 in
842 1437 956 1520 choris,

28 1541 79 1585 cum
97 1524 130 1588 in
151 1525 277 1610 reliqua
298 1526 408 1590 fabula
420 1547 488 1590 non
509 1525 633 1590 liceret:
657 1526 746 1590 cuius
769 1525 816 1589 rei
835 1525 957 1610 aliquot

26 1612 877 1788 llldptligllpladtldlffmltbllubrieilluit?
891 1614 958 1766 111

25 1785 200 1874 Terentiami3
226 1790 281 1854 sed
305 1812 385 1878 quae
399 1792 504 1875 prima
525 1813 664 1875 persona
686 1791 845 1876 prodibat,
868 1792 957 1856 cuius

26 1896 100 1957 opera
119 1901 196 1962 pars
211 1880 394 1964 argumenti
408 1880 661 1965 cognoscebatur
679 1903 699 1944 a
715 1879 957 1965 spectatoribus,

25 1985 49 2027 ea
60 1971 263 2052 προλογίζειν
277 1968 449 2033 dicebatur.
472 1967 687 2055 Posteaquam
706 1969 844 2053 populus
858 1967 957 2031 Athe-

24 2053 134 2141 niensis,
177 2056 334 2122 exhausto
377 2057 586 2122 diuturnitate
627 2059 784 2122 bellorum
826 2056 958 2139 aerario,

23 2139 110 2210 ironia
123 2147 314 2229 sumptuum
328 2146 508 2229 amputavit
521 2149 554 2210 et
567 2147 740 2211 comoediis
755 2146 868 2210 choros
883 2144 959 2208 dare

25 2229 105 2316 desiit,
125 2237 199 2298 tum
224 2234 351 2298 demum
380 2234 460 2299 illud
485 2236 693 2319 prologorum
721 2254 822 2320 genus
845 2235 958 2297 natum

24 2323 68 2401 est,
91 2325 122 2386 et
144 2345 233 2387 nova
255 2323 432 2408 comoedia,
462 2345 544 2409 quae
572 2321 706 2388 chorum
727 2345 796 2388 non
816 2322 959 2405 haberet,

21 2409 118 2476 entus
145 2411 293 2496 prologis
320 2413 369 2476 uti
395 2413 509 2495 coepit.
559 2412 734 2497 Tragoedis
768 2433 893 2495 semper
920 2431 960 2474 ex

22 2497 127 2577 publico
152 2501 249 2564 datus
272 2503 322 2565 est
344 2501 473 2565 chorus:
499 2501 680 2586 idcircoque
706 2523 873 2585 nunquam
894 2503 959 2563 tra-

22 2588 115 2666 goedia
141 2589 227 2653 tales
254 2590 406 2674 prologos
433 2589 556 2654 habuit.
607 2587 711 2664 Quare
739 2590 795 2674 qui
816 2592 959 2652 veterum

23 2677 268 2742 consuetudinem
289 2678 325 2742 in
346 2678 470 2762 reliquo
488 2681 636 2760 poemate
660 2681 806 2742 accurate
830 2698 867 2740 ac
890 2676 959 2738 dili·

21 2769 113 2844 genter
134 2765 318 2850 1111111111,
340 2766 392 2830 hic
416 2787 552 2850 quoque,
580 2765 665 2851 quod
687 2765 855 2830 hominum
877 2764 959 2826 anti-

22 2852 134 2932 quitatis
163 2855 387 2938 imperitorum
414 2854 543 2921 inscitia
571 2855 733 2919 invectum
761 2857 822 2937 est,
854 2852 959 2916 deleas

20 2959 124 3008 censeo.
179 2941 326 3008 Placeret
353 2943 450 3007 etiam
477 2943 525 3008 ita
552 2943 603 3008 edi
629 2943 713 3008 hanc
739 2941 897 3024 fabulam,
923 2945 961 3006 ut

20 3047 49 3090 ne
68 3035 258 3096 notarentur
270 3031 430 3116 principia
443 3035 582 3115 actuum,
606 3032 661 3096 sed
674 3032 721 3096 ita
735 3031 960 3096 continuaren-

20 3117 60 3181 tur
80 3121 197 3201 omnia,
219 3124 257 3184 ut
278 3119 487 3205 inAesehyli,
511 3119 687 3204 Sophoclis,
709 3118 873 3202 Euripidis
895 3121 960 3183 tra-

20 3208 125 3286 goediis
149 3210 312 3294 etiamque
334 3209 370 3273 in
383 3207 611 3293 Aristophanis
635 3207 808 3274 comoediis
831 3208 960 3274 factum.

20 3289 91 3361 Vera
117 3319 233 3363 caussa
256 3300 317 3380 est,
346 3319 401 3362 cur
423 3298 470 3362 ita
497 3298 566 3362 fieri
593 3319 755 3381 censeam3
788 3296 844 3362 sed
875 3299 960 3362 malo

19 3401 76 3448 eam
96 3387 132 3451 in
147 3386 235 3452 aliud
256 3389 384 3470 tempus
406 3387 544 3452 reiicere.
581 3384 720 3451 Omnino
742 3389 849 3450 autem
871 3385 961 3450 illam

18 3467 151 3540 inutilem
174 3479 208 3540 et
221 3496 492 3560 supervacaneam
514 3479 547 3540 et
566 3475 706 3541 astultis
729 3473 961 3539 litteratoribus

18 3565 222 3649 excogitatam
249 3566 379 3635 actuum
410 3565 446 3630 in
477 3585 589 3630 scenas
621 3563 810 3628 divisionem
843 3582 961 3646 quaeso

72 3660 179 3737 λζ.
188 3697 190 3704 s
