2368 3956
381 221 499 276 CAPUT
518 220 630 276 XXVII.
920 219 984 286 153

44 369 70 430 ct
87 365 118 430 in
138 363 319 451 Virgiliano
342 363 481 452 Iopas²).
522 364 585 431 Sed
607 365 687 431 haec
709 365 845 432 fortasse
869 366 983 451 aliquis

43 455 310 540 intemperantium
332 477 504 538 procorum
527 457 560 519 ct
589 455 745 520 luxuriosi
767 455 853 540 regis
882 459 915 519 et
935 477 983 519 re-

43 543 123 628 ginae
148 544 214 608 iam
241 547 312 609 tum
340 544 457 609 amoris
485 545 551 608 telo
578 565 748 627 percussae
776 543 891 609 dixerit
913 565 983 608 esse

42 631 182 697 convivia.
219 629 316 716 Quid,
339 633 424 716 quod
439 633 643 718 epulantibus
662 633 732 710 diis,
756 654 869 697 canere
883 631 983 718 Apol-

42 720 124 784 linem
147 724 180 785 et
193 719 304 785 Musas
326 721 459 786 ferunt?
489 719 577 786 Nam
589 720 754 805 Euripidis
770 721 898 807 quidem
913 745 982 786 sen-

42 806 193 894 tentiam²)
216 809 327 874 mirari
350 831 445 894 saepe
469 811 571 894 soleo,
594 811 649 895 qui
672 831 740 875 non
761 810 796 874 in
819 811 983 894 conviviis,

42 897 139 962 sedin
160 897 250 962 luctu
272 897 381 982 potius
399 897 557 964 Musicam
580 899 795 964 adhibendam
818 921 887 963 esse
911 920 982 964 cen·

42 989 91 1068 set,
112 987 197 1071 quod
220 987 367 1052 convivia
390 987 469 1052 satis
492 987 564 1071 ipsa
590 1009 648 1072 per
671 1007 705 1052 se
732 987 818 1054 laeta
841 987 920 1071 sint,
947 988 982 1051 in

41 1075 114 1138 luctu
137 1078 244 1140 autem
268 1075 485 1160 quaerendum
508 1077 552 1140 sit
574 1077 709 1162 aliquid,
732 1098 795 1162 quo
819 1077 983 1140 minuatur

42 1162 125 1228 dolor.
169 1163 243 1250 Ego
266 1185 342 1229 vcro
366 1165 393 1229 si
415 1187 565 1250 usquam,
592 1165 678 1230 inter
703 1165 819 1249 pocula
844 1165 983 1229 maxime

40 1252 144 1317 talibus
166 1251 398 1318 blandimentis
422 1257 454 1318 et
476 1253 728 1320 relaxationibus
742 1254 854 1318 'animi
876 1253 982 1320 locum

42 1362 96 1404 esse
118 1341 213 1407 duco:
236 1363 355 1428 neque,
377 1343 454 1407 dum
477 1364 516 1407 ea
537 1343 715 1408 moderatio
738 1343 923 1420 retineatur,
946 1346 983 1406 ut

40 1431 193 1514 turpitudo
208 1432 313 1496 omnis
337 1435 370 1496 et
393 1431 595 1496 obscoenitas
613 1432 706 1515 absit,
729 1452 876 1496 caussam
889 1429 982 1496 video

40 1519 137 1604 ullam,
165 1541 221 1584 cur
248 1521 282 1584 in
310 1541 421 1586 mensa
448 1523 506 1585 aut
528 1521 716 1586 comoedum
745 1520 899 1604 aversari,
927 1523 983 1583 aut

41 1607 195 1673 auloednm
217 1609 416 1674 fidicinemve
438 1609 584 1694 refugere
599 1609 727 1693 sapiens
742 1609 865 1673 debeat.
896 1605 982 1673 Nam

42 1695 62 1757 si
80 1718 202 1782 semper
227 1701 296 1762 tam
322 1697 452 1763 facundi
482 1719 519 1762 ac
542 1698 653 1763 diserti
681 1698 834 1764 convivae
858 1697 982 1764 contin-

42 1790 151 1867 gerent,
175 1807 273 1871 quam
295 1786 343 1850 illi
367 1790 443 1852 sunt
464 1785 638 1852 Platonici:
661 1791 731 1852 tum
753 1787 893 1853 fortasse
915 1808 983 1851 non

41 1873 186 1940 immerito
217 1875 297 1940 talia
329 1876 438 1940 omnia
470 1875 720 1940 excluderentur.
776 1875 869 1950 Quod
896 1875 982 1938 enim

42 1981 96 2027 esse
117 1968 226 2049 potest
247 1968 315 2028 tam
333 1963 480 2028 mirabile
503 1986 664 2048 acroama,
688 1964 773 2049 quod
796 1985 864 2028 non
887 1963 982 2027 colla-

41 2053 97 2116 tum
118 2074 191 2118 cum
213 2053 342 2126 illorum
366 2053 567 2117 sermonibus
590 2053 740 2119 sordeat?
785 2051 872 2128 Quos
896 2051 982 2135 equi·-

43 2138 101 2204 dem
125 2142 278 2220 arbitror,
306 2142 333 2206 si
360 2141 569 2226 Appollinem
595 2142 752 2207 vidissent
778 2142 886 2225 ipsum
909 2162 981 2204 cum

42 2226 100 2310 lyra
122 2234 154 2294 et
180 2231 304 2314 plectro
331 2230 578 2316 ingredientem,
604 2253 670 2296 uno
695 2252 750 2296 ore
778 2251 889 2294 omnes
913 2250 982 2294 ora-

42 2321 117 2382 turos
141 2319 256 2396 fuisse,
283 2322 321 2382 ut
347 2324 404 2383 aut
431 2319 630 2402 abscederet,
660 2323 717 2383 aut
738 2340 780 2384 ne
804 2322 901 2384 cantu
923 2338 982 2382 suo

43 2425 191 2472 sermones
223 2408 430 2492 abrumperet
460 2407 637 2473 institutos.
690 2407 735 2474 Et
765 2412 888 2490 tamen,
919 2406 984 2470 uisi

42 2495 120 2559 valde
149 2497 258 2575 fallor,
290 2517 358 2561 non
388 2496 491 2561 multo
518 2497 645 2580 turpius
671 2497 800 2581 fuisset,
830 2496 983 2562 tibicinae

44 2583 162 2650 alicuius
191 2588 320 2650 cantum
349 2585 471 2664 audire,
499 2608 597 2670 quam
624 2586 675 2650 vel
705 2587 884 2651 orationem
911 2584 983 2648 Ari-

44 2672 207 2759 stophanis,
228 2674 280 2738 vel
294 2695 332 2738 ea
346 2695 427 2758 quae
442 2673 480 2738 de
496 2673 636 2740 Socratis
649 2674 863 2759 temperantia
877 2673 983 2738 ebrius

44 2759 211 2828 Alcibiades
233 2762 560 2847 intemperantissime
582 2766 701 2827 namat.

356 2991 500 3059 CAPUT
522 2993 658 3059 XXVII.

45 3107 347 3170 SORORESUXORES
360 3113 507 3170 DUCERE
520 3114 603 3168 NUM
617 3114 716 3169 APUD
730 3111 985 3193 ATHENIENSES

418 3201 597 3258 brennam.
1071 3217 1074 3224 ·

106 3305 291 3396 Perelegans
315 3315 420 3377 exstat
442 3311 573 3376 Aemssii
595 3310 694 3378 Probi
722 3312 763 3377 ad
790 3311 826 3376 T.
849 3312 986 3396 Pompo·

45 3395 132 3459 nium
144 3397 281 3465 Atticum
303 3401 443 3485 libellus,
467 3422 530 3486 quo
545 3399 740 3466 Graecorum
756 3399 986 3486 imperatorum

115 3571 134 3637 ¹)
151 3544 216 3629 nen.v
231 3576 251 3629 1.
271 3581 323 3630 mo
337 3593 370 3630 ss.
445 3574 557 3644 alred.
576 3593 602 3630 v.
623 3581 702 3631 reos.
