2326 3942
363 185 498 240 ORATIO
517 185 603 240 XVII.
894 187 959 252 175

26 329 194 394 domesticas
215 333 248 394 et
265 328 441 394 familiares
460 331 547 394 iocos
565 329 616 394 his
636 331 780 414 epistolis
799 331 959 396 contineri

24 420 130 500 putant.
152 416 299 482 Historia
313 417 442 482 illorum
455 421 645 502 temporum,
659 419 775 502 quibus
788 419 959 503 imperium

25 506 94 568 orbis
123 509 282 570 terrarum
313 506 517 570 immutatum
549 508 598 570 est
630 511 662 570 et
688 508 739 570 vel
766 529 876 572 eversa
907 510 958 572 vel

24 597 92 658 certe
117 615 271 658 conversa
299 615 338 656 ea
363 595 555 678 respublica,
583 616 664 678 quae
686 595 733 658 ita
759 595 852 660 bonis
879 597 956 680 legi·

23 682 69 745 bus
89 686 181 765 atque
203 681 363 746 institutis
385 682 521 746 fundata
544 687 628 766 erat,
651 687 688 747 ut
710 683 745 746 in
767 687 958 766 perpetuum

25 769 156 833 duratura
183 770 358 854 videretur,
391 792 459 834 non
491 771 619 834 aliunde
650 771 775 840 melius.
796 793 893 856 quam
919 793 958 835 ex

24 857 60 921 his
79 859 165 922 libris
195 859 318 942 percipi
345 862 461 942 potest.
498 858 580 922 lum
606 862 772 944 praeterea
795 857 959 924 Ciceronis

25 945 201 1010 admirabilis
233 946 405 1030 prudentia
436 950 469 1010 et
501 947 635 1012 scientia
665 947 859 1030 reipublicae
894 951 958 1011 tra-

25 1035 138 1098 ctandae
165 1057 328 1118 nusquam
356 1056 389 1098 se
416 1035 520 1120 magis
548 1057 645 1118 quam
672 1035 707 1098 in
734 1036 785 1098 his
813 1036 959 1119 epistolis

24 1121 118 1202 prodit.
160 1121 254 1197 Quod
281 1144 322 1186 ne
349 1123 420 1205 quis
446 1145 497 1186 me
524 1123 679 1206 temporis
702 1145 816 1188 caussa
838 1124 958 1188 confin-

25 1230 83 1292 gere
102 1210 290 1294 arbitretur,
316 1211 510 1294 praestantis
541 1211 659 1274 viriet
685 1211 814 1277 illorum
836 1215 959 1296 tempo·

25 1319 78 1360 rum
111 1299 269 1382 aequalis,
306 1296 446 1363 Cornelii
477 1297 615 1382 Nepotis
646 1299 744 1364 verba
779 1300 850 1383 ipsa
881 1300 959 1363 reci-

26 1386 94 1468 tabo,
116 1387 233 1469 quibus
253 1409 346 1450 suum
364 1387 403 1451 de
425 1387 488 1450 illis
505 1387 658 1451 iudicium
680 1387 862 1470 posteritati
885 1408 958 1451 eon-

26 1477 159 1537 testatum
190 1496 228 1538 ac
261 1475 487 1559 consignatum
518 1476 657 1559 reliquit.
702 1473 764 1550 Qui
795 1475 830 1538 in
849 1473 957 1540 ,laici

25 1561 75 1624 rita
107 1583 180 1626 eum
217 1563 302 1626 inter
334 1561 520 1628 Ciceronem
557 1567 590 1627 et
620 1561 766 1626 Atticum
803 1585 960 1628 summam

26 1650 266 1715 coniunctionem
303 1651 483 1716 animorum
514 1651 614 1716 fuisse
646 1651 791 1734 dixisset,
821 1649 879 1728 Ei,
910 1651 960 1713 in·

26 1739 90 1821 quit,
114 1740 161 1803 ret
182 1744 256 1804 saat
281 1739 407 1817 indicio,
429 1744 554 1821 praeter
580 1758 629 1804 eos
656 1739 761 1817 libros,
787 1739 823 1802 ta
851 1739 961 1822 quasa

25 1825 51 1886 de
79 1847 108 1890 eo
141 1827 221 1908 saa't
255 1828 450 1906 mentionem,
486 1829 541 1909 qai
571 1828 607 1891 ia
637 1827 745 1909 valeas
774 1830 849 1891 saat
878 1828 960 1903 editi,

26 1915 151 1978 ardeam
185 1915 345 1981 aotamtaa
379 1916 588 1998 epistolarem,
627 1915 666 1980 ab
701 1915 861 1980 coasatata
895 1915 962 1978 cias

27 2021 99 2081 aspra
128 2005 173 2068 ad
202 2008 368 2068 extremam
399 2009 514 2085 alapas
540 2004 584 2068 ad
609 2003 749 2068 Attiaaa
775 2004 960 2068 misserat:

26 2109 88 2168 quoe
105 2093 158 2173 qai
185 2092 277 2174 tepet,
303 2112 366 2156 aea
388 2092 520 2156 mattam
541 2092 687 2155 desideret
707 2090 869 2155 assartum
891 2110 961 2156 ooa-

29 2180 119 2242 talam
150 2200 256 2244 eoram
288 2185 463 2260 temporam.
503 2178 556 2244 Sic
586 2181 668 2244 caim
699 2180 805 2244 emata
835 2179 871 2244 de
897 2184 961 2243 sta·

30 2265 74 2328 diis
91 2269 282 2351 princepum,
308 2269 392 2332 uitiis
419 2267 543 2344 dacem,
571 2268 827 2334 aemalatieac‘tas
852 2268 888 2332 ia
915 2287 962 2332 re-

27 2353 127 2430 publica
143 2356 318 2438 perscra'pta
338 2361 422 2433 saat,
445 2360 481 2419 at
501 2355 581 2420 aaa
602 2357 638 2420 a'a
659 2357 700 2420 as
721 2377 784 2421 aaa
805 2361 961 2438 appareat,

29 2445 51 2500 et
68 2442 151 2520 facite
178 2444 352 2508 existimari
375 2445 490 2525 possit,
514 2443 716 2525 madentium
741 2445 962 2526 qaodamraodo

28 2547 76 2591 eae
99 2532 324 2596 diciaate'eaera.
360 2531 434 2596 Nea
461 2533 543 2596 eaira
565 2531 668 2597 Oteero
690 2553 726 2596 ea
747 2532 858 2610 setam,
885 2552 963 2614 qaae

29 2617 81 2679 tiro
100 2638 128 2682 se
149 2621 337 2704 aeadeaaat,
361 2620 471 2700 factare
486 2621 659 2702 praelicat,
684 2620 738 2685 sed
758 2621 864 2697 ettam,
886 2640 964 2701 qaae

31 2723 95 2768 iaaac
117 2727 175 2772 asa
200 2710 337 2784 acaiaat,
369 2709 475 2774 ceeiaa't
499 2713 535 2772 at
559 2704 689 2791 vates*).
728 2706 818 2772 Haec
844 2706 963 2791 Nepos,

30 2791 104 2856 cuius
129 2816 197 2861 non
233 2818 350 2860 vanam
387 2817 455 2862 esse
490 2795 775 2880 praedicationem,
810 2816 862 2860 res
892 2797 964 2878 ipsa

29 2882 151 2960 quotidie
174 2885 325 2949 ostendit.

86 2968 131 3034 ad
152 2993 205 3036 eas
229 2993 372 3056 caussas,
400 2994 480 3056 quas
503 2973 611 3055 attuli,
638 2993 695 3036 car
716 2971 752 3035 in
773 2969 824 3034 his
847 2969 963 3052 episto·
1031 3007 1034 3018 ·

28 3051 65 3116 lis
90 3079 205 3124 mecum
237 3061 477 3144 pervolutandis
511 3061 624 3144 cupide
659 3058 780 3122 versari
812 3056 965 3140 debeatis,

33 3145 135 3210 accedit
177 3148 258 3212 haec
304 3170 442 3232 quoque,
487 3170 584 3231 quam
630 3146 773 3212 dubitavi
817 3145 965 3229 equidem

32 3249 97 3295 nun
120 3235 241 3302 adferre
275 3236 435 3320 deberem,
467 3257 508 3300 ne
539 3237 649 3300 vineta
680 3256 765 3319 mea,
795 3237 833 3299 ut
865 3233 966 3318 aiunt,

35 3320 197 3410 caderet&
227 3328 260 3388 et
288 3323 326 3388 de
354 3345 391 3389 ea
422 3325 494 3408 ipsa
524 3324 693 3408 facultate,
725 3323 814 3388 cuius
847 3323 966 3407 opinio,

80 3509 99 3578 2)
114 3513 179 3584 Nep.
197 3517 257 3569 Att.
277 3531 300 3570 c.
321 3521 361 3569 16.
433 3517 475 3585 **)
495 3515 591 3568 Horat.
609 3513 661 3584 Ep.
682 3520 723 3568 11.
744 3519 767 3567 1.
786 3518 846 3566 220.
