2330 3944
187 191 252 256 154
546 185 688 246 ,cuano
707 185 780 242 xvr.
873 149 881 178 ⁶

183 339 325 402 tractare
343 335 470 400 animus
493 335 576 417 crat,
599 332 627 396 si
649 353 761 400 eorum
779 331 871 396 robis
893 334 1073 416 temporum
1090 333 1130 398 hi-

182 425 319 490 storiam
345 441 573 508 proponerem,
605 421 721 505 quibus
751 420 892 505 populus
918 419 957 484 R.
984 420 1061 486 foris
1086 421 1131 485 ad-

184 535 297 579 versus
320 513 474 577 barbaras
493 513 621 597 gentes,
644 509 732 594 domi
754 508 908 575 adversus
929 508 1010 574 vitia
1032 531 1131 594 perpe·

183 605 279 666 tuum
301 601 422 666 bellum
440 599 586 685 gerebat,
608 617 713 682 neque
732 600 856 664 ceteros
874 595 1012 682 populos
1030 597 1133 662 bellica

183 691 290 775 inagis
323 691 442 754 virtute
474 705 572 772 quam,
603 687 791 757 innocentia
819 689 853 750 et
878 685 1064 772 integritate
1088 709 1133 751 su-

185 779 330 863 perabat.
366 777 466 842 Abire
488 777 525 840 in
546 795 668 860 mores,
695 797 776 859 quae
805 774 982 840 discuntur
996 775 1032 838 in
1052 775 1135 840 seho-

186 868 240 950 lis,
272 870 305 930 et
332 887 369 930 ea
395 865 463 929 fere
491 884 648 950 quemque
675 861 833 928 imitando
861 863 1049 948 exprimere,
1075 864 1136 948 qui-

186 956 248 1020 bus
274 954 420 1040 legendis
447 951 678 1036 audiendisque
704 973 785 1036 puer
807 953 992 1016 assueverit.
1032 949 1136 1036 Neque

187 1044 334 1126 deerant,
358 1040 443 1126 quod
467 1040 614 1125 equidem
632 1039 725 1105 valde
743 1040 879 1106 miratus
897 1062 982 1125 sum,
1005 1041 1138 1124 quinon

187 1131 375 1194 dubitarent
400 1129 480 1194 mibi
507 1131 654 1196 auctores
677 1149 762 1220 esse,
789 1129 816 1193 si
843 1149 894 1194 res
923 1129 982 1194 sub
1002 1128 1138 1213 ,Impera-

185 1218 313 1282 toribus
341 1219 449 1304 gestas
476 1217 625 1302 persequi
652 1218 780 1302 vellem,
807 1220 845 1282 nt
873 1215 1062 1282 Suetonium
1085 1239 1139 1301 po·

188 1307 254 1371 tius
282 1328 380 1390 quam
402 1306 550 1392 Tacitum
577 1325 749 1374 sumerem:
777 1323 873 1390 quem
895 1306 959 1390 ipsi
982 1309 1016 1371 et
1036 1306 1138 1370 melio-

187 1417 257 1460 rem
294 1394 407 1460 Tacito
444 1394 631 1461 Latinitatis
668 1398 832 1460 auctorem
868 1398 902 1458 et
933 1394 1078 1460 nitidiori
1107 1416 1140 1458 ae

186 1483 344 1550 floridiori
381 1505 498 1570 genere
530 1484 686 1550 orationis
718 1503 814 1548 usum
845 1481 998 1548 dicerent.
1042 1482 1140 1548 Erant

188 1572 300 1657 etiam,
323 1573 392 1657 qui,
415 1572 500 1656 quod
522 1573 698 1636 maximum
719 1571 755 1636 in
777 1571 932 1638 historico
955 1571 1072 1656 vitium
1089 1575 1141 1656 est,

186 1660 285 1723 fidem
312 1679 439 1744 quoque
462 1659 567 1724 Taciti
588 1663 792 1744 assument,
817 1659 905 1744 quod
933 1661 1037 1724 multa
1059 1681 1141 1726 meu·

184 1747 281 1812 dacia
315 1747 460 1813 historiis
494 1747 562 1812 suis
599 1747 829 1821 admiscuisset.
869 1744 990 1834 'Neque
1028 1752 1142 1831 tamen,

185 1857 384 1920 quamquam
402 1855 497 1922 saepe
520 1857 541 1900 a
558 1856 609 1900 me
627 1837 711 1901 orati
731 1841 769 1901 ut
785 1837 819 1901 id
837 1836 993 1920 iacerent,
1017 1837 1143 1901 menda·

184 1925 275 1994 cium
301 1925 402 2010 ipsius
429 1925 573 2011 proferre
595 1925 697 1990 ullum
724 1927 888 2009 poterant3
915 1925 1053 1990 duorum
1077 1929 1143 1990 tan·

186 2017 259 2078 tum
286 2017 432 2080 veterum
462 2014 655 2098 scriptorum
681 2014 867 2078 testimonio
895 2013 943 2076 id·
959 2014 1144 2097 pervincere

187 2103 390 2186 nitebantur,
414 2123 550 2188 quorum
563 2098 761 2187 Vopiscus*)
781 2101 955 2184 aliquando
973 2103 1146 2166 mentitum

186 2191 369 2256 inhiston'a
379 2191 527 2255 Tacitum
541 2189 668 2274 diceret,
681 2189 956 2275 Tertullianus**)
971 2211 1045 2254 eum
1060 2213 1146 2255 men-

184 2279 355 2352 ,deciorum
381 2277 642 2363 loquacissimum
668 2280 807 2343 voearet.
848 2277 1022 2343 Addebant
1048 2281 1146 2345 tertio

186 2367 283 2450 loco,
310 2367 445 2451 impium
477 2387 515 2430 ac
550 2365 710 2431 nefarium
746 2388 815 2431 esse
852 2367 1057 2451 scriptorem,
1098 2369 1149 2453 qui

189 2451 394 2520 Christianae
424 2452 574 2540 religioni
605 2458 714 2540 aperte
745 2455 892 2519 infensus
929 2458 962 2520 et
996 2456 1149 2523 inimicus

188 2543 312 2607 fuisset
348 2543 509 2627 Asperum
535 2548 701 2628 praeterea
728 2547 762 2608 et
787 2543 955 2609 insuavem
977 2567 1016 2609 aa
1039 2548 1150 2631 spino·

185 2653 262 2695 sum
285 2634 413 2696 etcum
436 2633 525 2698 ouius
553 2632 751 2696 difficultate.
765 2631 807 2696 ad
835 2633 990 2698 eruendas
1020 2640 1152 2699 senten-

185 2720 252 2783 tias
288 2724 443 2805 perpetuo
483 2722 672 2786 luctandum
712 2720 805 2786 foret
854 2720 1022 2786 Postremo
1068 2724 1152 2788 male

185 2807 306 2872 Latine
336 2809 494 2875 locutum:
530 2809 626 2893 idque
656 2827 725 2873 non
756 2811 872 2894 vulgus
904 2809 1000 2874 modo
1034 2809 1154 2895 dicere,

188 2897 247 2962 sed
276 2897 365 2982 ipsos
397 2898 495 2962 etiam
525 2897 715 2981 praecipuos
747 2895 852 2962 Taciti
883 2902 1044 2963 amatores
1079 2921 1155 2966 eon·

186 2985 283 3050 zfiteri.
320 2983 419 3052 Cuius
446 2986 547 3071 igitur
572 2985 646 3050 libri
674 2989 707 3050 et
730 2987 1046 3070 corruptissimorum
1072 2993 1156 3054 tem·

188 3095 305 3157 porum
318 3075 501 3157 historiam,
521 3095 654 3159 eamque
673 3073 777 3158 ipsam
791 3093 896 3160 neque
914 3075 994 3139 satis
1011 3075 1141 3142 fidelite

188 3163 344 3244 scriptam
367 3165 401 3228 et
422 3163 536 3227 melius
560 3162 601 3226 ab
621 3163 685 3228 alic
703 3161 857 3228 traditam
875 3164 1102 3250 continerent,
1127 3187 1158 3230 er

189 3249 331 3312 auctoris
355 3251 421 3314 ruis
442 3249 650 3328 manifestam
676 3251 875 3334 impietatem
901 3253 1097 3338 proderant,
1127 3276 1158 3319 er

191 3336 328 3402 molesto
347 3341 444 3422 atque
463 3338 575 3404 odioso
593 3343 726 3425 propter
741 3339 970 3406 obscuritatem
984 3345 1017 3406 et
1036 3362 1152 3429 paru

245 3529 271 3598 ¹¹³)
290 3528 424 3584 Aurelian
442 3545 465 3584 c.
485 3535 509 3584 2.
583 3535 625 3600 **)
644 3531 725 3601 Apol.
745 3532 807 3590 adv.
824 3534 901 3604 gent.
921 3549 943 3587 c.
960 3511 1006 3588 ¹16.
