2328 3956
165 123 228 190 104
484 124 663 181 uersuum
680 123 789 180 uxxv.
882 104 890 116 ‘

161 269 344 336 adimantur
370 269 519 354 fortasse,
551 269 579 334 si
606 269 669 334 aiio
696 289 749 336 me
776 269 950 334 oonbrlero.
999 267 1113 336 Multas

162 357 215 424 hio
241 358 344 424 habeo
371 358 518 442 militias,
545 379 585 424 ex
612 359 729 444 quibus
759 360 889 422 tantum
920 358 986 422 fere
1017 359 1114 442 oapio,

163 450 319 532 quantum
343 447 383 512 ad
406 448 555 514 alendam
568 447 725 512 familiam
748 447 792 512 sib
814 447 908 532 sabis,
932 447 1115 512 absentibus

162 537 266 601 mulia
288 557 326 600 er
349 557 460 602 earum
480 537 637 602 fructibus
661 536 839 602 amittenda
861 539 946 601 suni.
990 535 1019 600 E
1040 557 1115 619 pen-

163 625 321 710 sionibus,
347 627 385 692 ub
411 628 542 712 roeani,
569 625 793 692 ecelesiasticis
817 623 1038 710 septingentos
1060 647 1116 690 nu-

162 735 232 780 mos
260 735 375 780 aureos
403 736 527 780 annuos
554 715 711 800 percipio:
740 714 914 798 debitores,
940 714 998 798 qui
1024 735 1116 798 saepe

162 803 243 870 lenti
265 823 336 871 esse
358 803 472 888 solent,
493 824 561 869 non
582 805 652 870 bam
674 803 768 868 facile
787 804 903 870 absens
925 823 1041 889 urgere
1062 825 1116 886 po·

162 896 232 958 tero
260 915 357 978 quam
388 913 539 977 praesens
567 895 600 957 et
625 911 746 978 magno
773 891 956 976 principum
978 893 1118 976 supremi

163 981 285 1048 ordinis
307 982 416 1046 farore
436 981 599 1046 subnixus.
634 979 697 1046 His
718 983 770 1046 boi
790 979 1002 1046 incommodis
1018 1001 1117 1046 reme

163 1071 252 1135 dium
273 1070 398 1134 nullum
420 1071 554 1154 reperiri
575 1072 693 1154 podest.
743 1068 792 1136 Vs
817 1069 917 1155 igitur
939 1087 999 1154 ego
1021 1069 1118 1155 louge

161 1159 336 1244 plurimum
363 1157 477 1224 debere
505 1179 556 1224 me
582 1159 687 1224 fateor
709 1159 762 1244 iis,
790 1159 846 1244 qui
872 1161 1040 1223 medanto
1063 1159 1118 1224 ho

161 1269 240 1313 nore
264 1245 398 1333 dignum
420 1251 626 1314 censuerunt:
654 1249 702 1313 iba
728 1269 783 1314 eos
811 1248 945 1333 supplex
967 1247 1120 1334 obtestor,

162 1357 203 1402 ne
226 1335 338 1422 iniquo
362 1337 471 1402 auimo
492 1337 612 1421 ferani,
634 1355 715 1402 neve
742 1357 794 1402 me
820 1341 992 1422 propterea
1012 1338 1120 1402 minus

163 1429 281 1510 ameni,
304 1425 390 1511 quod
403 1426 464 1491 hoo
486 1429 631 1510 tempore
644 1445 712 1490 non
734 1433 895 1510 posse'me
918 1425 1025 1492 sbudio
1045 1447 1120 1511 erge

162 1537 214 1578 me
238 1537 296 1579 suo
320 1515 454 1601 obsequi
476 1515 595 1582 uideni.
631 1513 722 1590 Vale.
745 1515 876 1581 Romae.
899 1514 945 1580 Id.
960 1514 1119 1580 Decemb.

163 1620 353 1670 nnnxxxw.

578 1903 707 1970 LXXV.

384 2031 614 2104 ANDREAE
642 2031 898 2106 BATHOREO

200 2165 226 2222 S.
245 2166 278 2221 R.
297 2165 330 2224 B.
349 2165 549 2223 CARDINALI
567 2167 614 2224 Ac
638 2165 799 2224 PRINCIPI
816 2165 1097 2224 inuusufflssmo

420 2273 457 2330 M.
477 2273 666 2330 ANTONIUS
684 2268 859 2330 MURETUS

611 2381 634 2426 S.
647 2383 675 2425 1).

229 2485 291 2551 Die
317 2487 388 2572 ipso
416 2491 519 2555 natali
542 2489 707 2555 Dominioi
730 2489 839 2574 aoeepi
861 2491 1121 2577 exoptatissimae

163 2574 243 2639 mihi
265 2575 391 2642 litteras
418 2581 505 2658 iuss,
536 2579 651 2664 quibus
677 2577 766 2643 haud
793 2579 860 2645 seio
882 2601 926 2644 an
948 2581 1120 2666 quicquam

164 2663 247 2730 mihi·
270 2666 394 2752 grabius
426 2689 463 2732 ao
489 2667 660 2734 iucundius
687 2665 806 2732 adferri
834 2669 985 2752 potuerii.
1034 2669 1120 2735 Nam

163 2773 237 2818 oum
259 2754 325 2820 iam
347 2756 472 2840 pridem
495 2757 669 2836 audissem,
695 2756 742 2820 iia
767 2761 801 2822 be
827 2779 886 2841 pro
914 2761 972 2822 tua
996 2780 1120 2824 summa

162 2841 365 2910 humanitate
388 2865 425 2910 ao
446 2845 599 2910 oomibabe
621 2847 684 2910 mei
697 2865 873 2911 memorem
894 2846 1005 2930 fuisse,
1028 2851 1067 2914 ut
1085 2871 1121 2912 er

163 2931 235 3017 ipso
257 2934 372 2998 itinere
396 2933 437 2998 ad
459 2955 511 2998 me
534 2933 671 3000 seribere
694 2935 847 3020 dignatus
871 2957 971 3019 essee,
993 2937 1119 3002 litterae

165 3025 271 3086 autem
294 3026 370 3088 uuae
383 3043 544 3108 nusquam
566 3028 801 3108 comparerent:
825 3024 1018 3090 oonfioiebar
1039 3027 1119 3090 miro

165 3110 304 3194 quodam
327 3132 448 3197 angore
472 3113 584 3192 animi,
611 3133 715 3198 neque
744 3114 928 3179 levationen
950 3115 1050 3178 ullam
1073 3135 1118 3178 re-

164 3199 266 3280 perire
287 3203 435 3281 poteram
448 3205 576 3284 praeder
598 3223 670 3267 eam
692 3223 800 3286 unam,
823 3223 920 3287 quem
933 3202 1015 3268 mihi
1036 3201 1118 3267 lius

164 3306 219 3350 rae
241 3288 316 3349 buae
340 3288 526 3352 abtulerunt.
570 3289 643 3375 Ego
665 3293 712 3376 ie,
735 3289 916 3356 Oardinalis
939 3291 1060 3376 optime
1083 3311 1117 3354 ac

165 3373 456 3458 praestantissime,
484 3397 610 3460 semper
636 3379 801 3444 observari
829 3401 866 3445 oo
888 3381 986 3464 oolui,
1009 3382 1117 3464 eapius

166 3483 233 3527 non
263 3466 332 3526 bam
365 3461 536 3527 nobilitate
567 3465 638 3549 ipsa
669 3468 750 3552 regii
782 3469 910 3554 generis
944 3469 993 3533 bui
1012 3490 1117 3554 vquam
