2328 3956
161 198 207 262 44
488 193 667 250 EPISTOLA
685 195 784 250 XXIX.

162 342 256 407 valde
278 341 429 418 mirabar,
452 340 479 404 si
501 339 562 404 tibi
576 360 649 404 eum
662 339 793 422 impune
814 339 944 404 laudare
966 339 1106 404 licuisset

162 429 215 494 Ita
238 430 324 494 enim
337 429 435 493 homo
459 431 522 492 cst:
546 428 591 492 eis
615 428 691 492 solis
704 427 881 512 plurimum
903 427 1035 512 invidet,
1048 429 1107 512 qui·

162 519 224 583 bus
246 517 420 603 plurimum
435 516 537 582 debet.
571 514 739 591 Quomodo
762 537 813 580 me
828 516 997 600 acceperit,
1017 517 1108 579 nosti:

164 609 322 691 quantum
345 609 454 670 autem
476 603 557 668 mibi
571 603 695 688 debeat,
717 607 751 668 ct
771 604 841 688 ipse
855 606 889 668 et
911 604 969 668 alii
991 604 1109 688 plurimi

162 697 293 760 norunt.
337 693 388 759 'lu
410 714 485 758 vero
508 714 567 776 pro
589 713 655 756 uno
682 691 802 777 frigido
825 692 1043 758 obtrectatore
1063 691 1109 754 ha-

163 784 289 848 biturus
321 804 355 846 es
383 781 647 864 innumerabiles,
675 781 731 866 qui
756 783 789 846 te
817 801 854 845 ao
885 781 1017 846 labores
1046 783 1110 845 tuos

163 871 312 937 laudibus
341 871 377 935 in
404 871 528 935 caelum
554 869 669 934 ferent.
714 867 776 934 sed
803 869 884 934 haec
906 871 999 934 alias.
1041 869 1111 934 Peto

164 983 185 1025 a
207 963 253 1044 te,
280 963 318 1024 ut
339 980 390 1022 me
418 979 506 1023 ames
531 979 636 1042 neque
659 958 698 1022 de
725 979 798 1022 mea
824 977 902 1042 erga
924 961 958 1022 te
986 980 1110 1043 propen-

166 1049 294 1113 sissime
306 1048 474 1112 voluntate
488 1046 624 1112 dubites.
646 1045 745 1111 Plura
759 1047 945 1112 scriberem:
960 1047 1018 1112 sed
1031 1051 1112 1130 urget

164 1137 218 1201 hic
241 1136 362 1200 amicus
389 1157 493 1220 meus,
515 1135 692 1201 virbonus
719 1139 753 1199 et
778 1137 956 1221 litteratus,
981 1157 1044 1220 quo
1064 1156 1111 1198 no·

165 1225 252 1289 mine
279 1245 353 1289 aum
375 1247 395 1289 a
416 1228 449 1289 te
473 1245 600 1309 quoque
627 1223 813 1289 humaniter
835 1224 941 1308 excipi
963 1225 1047 1289 volo.
1086 1223 1112 1286 Is

166 1335 239 1378 cum
263 1313 373 1378 statim
387 1313 584 1378 discessurus
609 1316 702 1396 esset,
724 1313 778 1378 vix
800 1311 941 1378 adhaec
964 1311 1113 1397 ipsascri·

166 1402 273 1467 benda
301 1403 379 1466 satis
407 1401 487 1466 mihi
513 1402 669 1486 temporis
696 1401 792 1466 dedit
837 1399 944 1477 Quare
977 1402 1113 1486 ignosces

167 1491 278 1568 etiam,
306 1491 334 1554 si
357 1491 433 1575 quid
459 1489 543 1555 forte
571 1490 678 1554 minus
701 1493 847 1554 accurata
875 1490 1035 1573 seriptum
1057 1489 1113 1552 erit.

168 1577 293 1654 Quaeso
306 1582 350 1663 te,
372 1579 503 1645 scribito
517 1578 639 1663 aliquid
662 1578 706 1643 ad
715 1577 964 1644 Berzevicaeum
978 1579 1113 1642 nostrum

168 1670 201 1730 et
214 1667 394 1750 significato
410 1667 449 1750 ei,
470 1667 609 1731 multum
623 1668 794 1732 accessisse
808 1667 849 1731 ad
862 1671 1009 1732 veterem
1022 1687 1115 1730 meam

169 1773 246 1839 erga
276 1775 350 1820 cum
381 1754 653 1836 benevolentiam,
685 1756 770 1842 quod
802 1757 995 1822 conciliator
1030 1753 1115 1820 fuerit

169 1843 328 1908 amicitiae
350 1847 494 1928 nostrae3
520 1843 599 1909 item
621 1845 713 1930 illud,
740 1865 792 1909 me
814 1845 925 1928 paucis
950 1845 1062 1908 diebus
1082 1841 1115 1904 ad

169 1933 237 1997 eius
259 1933 392 2018 litteras,
415 1955 496 2020 quas
518 1955 584 1998 una
598 1933 748 1998 eum‘tuis
763 1934 880 2018 accepi,
902 1932 1114 2018 copiosissime

168 2043 407 2105 responsurum.
452 2020 564 2087 Saluta
590 2022 689 2086 ctiam
715 2022 796 2088 mihi
818 2021 993 2106 diligenter
1021 2020 1115 2086 claris-

170 2110 287 2175 simum
314 2111 431 2194 virum,
457 2109 595 2176 Paulum
621 2109 771 2195 Foxium,
794 2109 967 2176 Oratorem
993 2109 1116 2195 regium,

171 2199 226 2282 qui
249 2199 378 2284 quando
400 2199 486 2263 tanti
508 2221 559 2264 me
582 2221 651 2264 esse
667 2199 765 2284 duxit,
787 2203 825 2264 ut
846 2221 898 2264 me
921 2199 964 2264 ad
983 2199 1115 2264 ¹scriben-

171 2285 247 2350 dum
269 2287 386 2352 litteris
414 2287 480 2352 suis
503 2287 706 2352 excitandum
727 2289 903 2373 putaverit,
924 2287 1039 2352 mirari
1059 2305 1115 2350 non

171 2374 309 2459 debebit,
332 2375 502 2459 siquando
517 2396 578 2462 ego
595 2375 772 2442 honorifica
794 2377 895 2462 ipsius
909 2375 1115 2461 appellatione

172 2463 327 2546 scriptum
350 2464 481 2549 aliquod
503 2487 611 2530 meum
634 2485 787 2530 exornare
814 2487 882 2530 non
904 2465 1049 2530 verebor.
1078 2459 1115 2525 Mi

172 2552 293 2637 optime
316 2555 349 2616 et
371 2553 584 2619 eruditissime
607 2551 761 2638 Giphani,
789 2554 886 2619 etiam
909 2556 1008 2638 atque
1024 2552 1115 2616 etiam

170 2641 251 2706 vale.
273 2639 406 2708 Romae.
427 2639 513 2707 Prid.
534 2641 582 2708 Id.
604 2641 673 2705 Ian.
695 2658 839 2708 unnxrx.

590 2871 708 2938 XXIX.

363 2999 411 3075 lu
439 2989 680 3074 'ANTONIUS
707 2998 930 3074 MURETUb

481 3135 642 3192 unacum
660 3135 818 3193 GIOFANO

381 3239 384 3244 ’
620 3244 642 3288 S.
655 3245 683 3286 1).

241 3351 294 3416 Ita
316 3350 427 3415 crebra
449 3353 526 3414 sunt
547 3353 604 3415 tua
618 3371 695 3436 erga
716 3373 767 3418 me
782 3353 897 3438 officia,
919 3355 956 3418 ut
969 3372 1038 3438 ego,
1050 3348 1113 3434 quia

175 3439 258 3504 nihil
281 3439 384 3503 adhuc
407 3457 520 3502 caussa
542 3442 599 3503 bra
613 3460 652 3504 ex
675 3441 774 3506 animi
796 3443 860 3507 mei
879 3441 1037 3508 sententia
1058 3436 1112 3502 effi-

176 3546 247 3592 cere
278 3526 383 3612 potui‚
414 3525 539 3610 quoties
569 3526 607 3590 de
634 3530 667 3592 te
699 3530 820 3615 cogito,
852 3527 900 3617 (id
927 3529 1012 3615 quod
1041 3525 1113 3592 facio
