2360 3944
410 199 546 256 orario
565 200 611 255 vr.
945 202 990 267 65

48 345 187 428 accipere,
219 345 275 410 sed
304 367 343 410 ex
370 345 416 409 eis
444 345 578 429 discere,
610 345 715 412 Deum
742 347 849 430 ipsum
880 345 990 412 favere

48 434 216 498 hominibus
239 435 346 516 iustis,
375 455 486 498 eorum
513 435 640 509 labores
668 435 850 519 fortunare,
878 457 991 500 eorum

48 525 166 586 conatus
195 543 232 586 ac
260 523 394 586 consilia
417 523 458 586 ad
485 523 589 587 bonos
613 524 716 587 exitus
740 524 863 588 ducere.
903 523 991 588 Nam

48 631 134 694 neque
152 611 254 695 dictu,
277 633 381 694 neque
400 611 545 696 cogitatu
566 612 617 676 fas
641 615 703 694 est,
726 633 812 696 eum,
831 612 886 695 qui
905 634 990 677 sum-

48 721 86 762 ne
111 700 214 764 iustus
247 702 297 764 est
328 703 386 764 aut
415 701 487 784 ipsa
513 699 621 782 potius
653 700 790 784 iustitia,
821 722 889 764 non
920 722 989 772 esse

48 788 182 872 amicum,
203 788 411 872 benevolum,
433 788 609 872 propitium
627 789 681 872 iis,
700 789 755 870 qui
774 788 815 852 ad
833 789 991 853 iustitiam

48 898 126 940 omne
144 898 241 941 suum
264 877 406 941 studium
425 877 597 940 conferunt
619 897 753 960 eamque
771 881 842 942 toto
860 880 990 960 pectore

47 967 218 1047 sequuntur.
274 963 388 1048 Itaque
419 962 619 1051 Hesiodus*)
652 987 792 1049 quoque,
823 986 891 1030 non
918 969 990 1029 tan-

47 1056 103 1116 tum
124 1073 241 1118 aureus
264 1056 298 1117 et
323 1053 517 1118 adverbum
540 1053 728 1118 ediscendus
751 1056 860 1137 po'e'ta,
878 1075 991 1118 verum

46 1143 128 1204 etiam
149 1141 365 1226 philosophus
388 1142 535 1226 inprimis
563 1143 682 1225 bonus,
710 1142 820 1206 multis
845 1142 990 1206 versibus

47 1230 235 1313 persequitur
259 1251 296 1293 ac
319 1235 487 1313 percenset
510 1231 670 1314 eabona,
694 1252 775 1313 quae
799 1253 818 1294 a
840 1229 910 1294 Deo
933 1231 990 1294 tri-

47 1317 174 1382 buuntur
194 1319 371 1382 cultoribus
389 1319 544 1403 iustitiae,
565 1322 740 1402 contraque
759 1341 827 1402 eas,
848 1340 929 1402 quae
949 1319 989 1382 ab

47 1406 233 1470 iniustitia
206 1410 283 1471 crvrt
260 1407 391 1472 tatibus
405 1407 603 1491 inferuntur,
617 1407 747 1471 calamit
748 1410 825 1470 1111.
855 1406 990 1470 Illorum

48 1495 118 1557 enim
140 1495 236 1560 urbes
259 1496 362 1560 laetas
389 1495 503 1560 florere
531 1496 674 1580 populis,
701 1516 869 1578 nunquam
895 1495 991 1578 bello,

48 1603 199 1666 nunquam
227 1583 327 1667 fame,
359 1605 527 1668 uunquam
554 1585 639 1647 aliis
656 1583 812 1648 eiusmodi
845 1583 990 1668 pestibus

48 1671 224 1754 conflictari3
252 1671 373 1737 host
340 1675 373 1736 11
399 1673 484 1736 fame
510 1675 543 1736 11
570 1675 660 1755 peste
688 1674 721 1735 et
747 1672 831 1736 bello
859 1675 892 1735 et
919 1671 990 1735 aliis

48 1759 321 1824 innumerabilibus
345 1761 438 1826 malis
461 1761 639 1826 iniustitiae
663 1781 739 1824 suae
761 1781 884 1844 poenas
905 1759 992 1824 dare.

48 1845 214 1914 Recitarem
241 1869 352 1912 versus
384 1849 485 1933 ipsos,
517 1849 581 1913 nisi
608 1849 730 1912 Graeca
760 1848 888 1930 quidem
914 1848 991 1912 huic

50 1938 172 2000 sermoni
194 1936 369 2002 admiscere
390 1939 524 2022 nollem,
544 1937 660 2001 Latine
681 1940 789 2001 autern
809 1957 860 1999 me
880 1935 991 1998 inaffe-

50 2027 151 2088 ctatum
165 2025 331 2109 quandam
348 2026 477 2090 illorum
492 2026 725 2091 iucunditatem
742 2023 814 2106 pari
832 2023 992 2108 gravitate

50 2113 240 2178 coniunctam
264 2115 391 2198 assequi
413 2135 508 2198 posse
532 2114 718 2178 diffiderem.
751 2109 844 2186 Quod
863 2111 889 2175 si
912 2111 993 2176 haec

48 2220 104 2264 non
123 2206 232 2266 essent
235 2203 355 2286 ,sique
377 2203 491 2267 iniusti
513 2202 643 2286 quidem
665 2199 867 2265 abundarent
890 2201 992 2264 omni-

49 2286 96 2352 bus
114 2291 227 2375 copiis,
247 2291 284 2354 in
305 2311 430 2354 summa
448 2313 547 2376 opum
565 2294 661 2374 atque
678 2289 840 2354 honorum
859 2287 992 2352 affluen-

48 2377 84 2440 tia
108 2379 265 2462 viverent,
296 2379 462 2443 fortunam
490 2379 552 2444 sibi
584 2377 717 2442 arbitrio
745 2399 803 2442 suo
830 2375 993 2461 fingerent

49 2485 77 2527 ac
101 2469 333 2552 temperarent,
361 2468 464 2532 iustos
492 2470 600 2532 autem
627 2466 749 2566 odium,
779 2468 994 2548 contemptus,

49 2557 174 2638 egestas,
193 2556 302 2638 exilia,
321 2555 490 2639 orbitates,
509 2555 627 2619 damna
646 2555 755 2619 omnia
774 2556 993 2636 sequerentur,

47 2643 144 2707 tenere
157 2648 268 2708 tamen
281 2644 442 2708 mordicus
456 2643 644 2708 deberemus
657 2642 704 2726 id,
723 2642 809 2726 quod
823 2663 842 2705 a
855 2640 993 2706 Platone

48 2728 189 2796 divinitus
211 2735 244 2795 11
264 2732 415 2816 religioni
434 2735 565 2796 nostrae
586 2731 815 2796 convenienter
836 2728 994 2792 traditum

11 2877 12 2890 ,
48 2837 77 2880 11
97 2819 295 2902 disputatum
322 2824 384 2904 est,
411 2819 527 2904 iustos,
554 2819 680 2883 etiamsi
708 2839 819 2884 omnes
841 2817 992 2882 fortunae

11 2945 13 2984 ,
11 2907 226 2972 acerbitates
245 2870 420 3008 excipiairt,
444 2929 569 2992 semper
587 2907 714 2989 beatos,
736 2907 874 2970 iniustos
895 2906 994 2969 etiam

11 2992 74 3055 in
99 2996 247 3059 maximis
274 2996 543 3079 prosperitatibus
570 2995 869 3077 secundissimisque
896 2993 993 3056 rebus

11 3115 13 3182 l
47 3079 272 3148 infelicissimos
296 3105 374 3148 esse.

102 3169 178 3235 Dixi
205 3171 244 3236 de
272 3171 374 3236 111111
365 3193 409 3254 11,
436 3193 504 3236 non
531 3191 740 3256 quaecunque
765 3173 992 3272 poteram,-

11 3275 140 3360 neque
172 3261 258 3324 enim
289 3259 369 3322 idt
355 3263 482 3343 tempus
513 3260 655 3344 tulisset,
685 3280 790 3342 neque
822 3259 931 3324 omnia
957 3258 995 3321 in

11 3363 137 3410 unum
160 3347 267 3412 locum
285 3347 489 3432 congerenda
508 3369 545 3414 ac
564 3311 662 3414 semel
680 3347 873 3414 effundenda
892 3349 995 3430 erant,

11 3451 13 3624 l
91 3537 114 3604 2)
133 3537 245 3594 Hesion.
267 3537 319 3607 ep.
338 3540 367 3593 et
385 3538 418 3594 D.
437 3557 463 3594 v.
483 3544 543 3594 aas.

11 3637 12 3648 ¹
90 3633 234 3678 1111111111.
249 3655 255 3664 ·
817 3630 833 3678 5
