2328 3956
371 207 549 265 misnam
566 208 652 266 xxx.
946 210 991 276 45

49 352 245 441 saepissima)
267 355 358 420 totus
379 354 501 439 pudore
529 353 703 420 suffundar.
740 352 803 419 Sed
824 356 918 420 tanta
939 353 991 420 his

48 444 234 527 temporibus
260 443 298 507 in
318 443 397 508 urbe
420 447 470 507 est
496 436 619 525 ἀπορία
647 442 882 526 conditionum,
909 463 991 527 quae

49 533 165 632 quidem
187 553 227 597 ex
239 553 302 596 usu
324 534 381 596 tuo
395 552 464 632 esse
486 532 622 632 possint,
644 535 682 632 ut
695 552 869 633 ,nunquam
891 530 991 596 fuisse

47 641 192 774 ttttt
212 623 349 792 iffi,
374 618 992 793 ltztffisstdtltmlttt,

46 797 189 862 mediocri
211 797 379 882 utriusque
393 817 503 860 earum
525 797 719 881 linguarum,
741 817 823 881 quae
839 797 875 860 in
888 796 992 878 pretio

49 890 121 969 sunt,
142 885 374 970 intelligentia,
398 885 461 970 qui,
485 885 573 950 auius
597 885 685 950 domi
707 884 831 968 vivant,
853 883 993 968 reperire

48 975 199 1038 neminem
225 977 372 1058 possunt.
415 971 493 1040 Non
519 973 689 1038 defetiscar
715 975 826 1037 tamen
848 972 993 1056 experiri,

48 1063 124 1147 eniti,
137 1063 297 1146 laborare,
314 1057 422 1126 πάντα
436 1064 549 1144 λίθον,
562 1065 600 1126 ut
614 1060 728 1126 Graeci
742 1061 862 1145 dieunt,
875 1064 993 1142 κινεῖν,

47 1151 137 1216 donee
165 1152 310 1236 aliquam
336 1150 495 1215 rationem
522 1171 683 1236 reperero,
712 1171 776 1236 qua
801 1149 897 1216 nobis
928 1170 994 1212 una

48 1241 141 1304 rivere
163 1241 271 1304 liceat.
315 1237 459 1305 Remitto
483 1239 523 1303 ad
546 1243 579 1304 te
602 1241 778 1323 orationes,
805 1259 886 1323 quae
914 1237 994 1302 mihi

49 1350 105 1392 non
125 1349 249 1414 magno
272 1329 345 1393 usui
367 1328 506 1392 fuerunt.
533 1327 630 1392 Liber
653 1332 819 1412 estusque
843 1326 994 1410 antiquus

49 1439 140 1501 neque
168 1417 351 1501 descriptus
379 1438 418 1480 ex
444 1417 510 1480 ullo
537 1416 630 1480 valde
658 1417 806 1500 antiquo,
834 1418 867 1478 et
893 1413 994 1498 negli-

49 1506 228 1588 gentissime
252 1505 396 1590 scriptus.
441 1503 515 1590 Ago
538 1507 648 1568 tamen
671 1504 709 1569 de
729 1525 766 1569 eo
788 1503 850 1566 tibi
873 1502 994 1586 gratias

50 1617 115 1659 sane
137 1595 308 1660 maximas.
351 1591 565 1676 Priscianum,
588 1592 643 1677 qui
664 1591 746 1656 mihi
767 1591 995 1656 incredibiliter
1057 1653 1061 1660 ,

51 1687 149 1766 gratus
172 1683 247 1766 fuit,
269 1702 362 1766 spero
386 1684 443 1744 aut
464 1681 572 1764 potius
590 1680 682 1746 video
705 1663 807 1746 multo
830 1679 995 1744 meliorem

51 1771 116 1835 fore.
143 1770 180 1836 Si
204 1769 482 1836 fraterVineentii
496 1767 647 1853 Stampae
670 1790 724 1834 eos
748 1768 789 1833 ad
811 1789 863 1832 me
885 1767 995 1850 libros,
1113 1848 1115 1854 Ι

50 1859 82 1922 de
106 1861 225 1944 quibus
253 1857 378 1941 scribis,
405 1858 533 1922 mittere
559 1857 709 1940 voluerit,
737 1856 919 1941 obstringet
944 1875 996 1918 me

52 1947 102 2012 sibi
114 1945 274 2012 memoria
290 1947 436 2011 beneficii
455 1945 657 2030 sempiterna.
684 1944 734 2010 De
748 1945 862 2028 Gellio,
881 1943 996 2008 amabo

52 2041 88 2118 te,
109 2037 150 2100 da
179 2057 325 2120 operam,
352 2037 390 2099 ut
411 2038 522 2100 noster
549 2035 599 2098 sit.
645 2032 815 2099 Sumtuum
843 2029 997 2116 quidquid

53 2124 162 2190 fastum
188 2125 262 2208 erit,
290 2124 400 2188 statim
426 2123 487 2188 tibi
510 2123 681 2207 diligenter
704 2125 831 2186 etcum
859 2120 921 2183 fide
944 2140 996 2183 eu·

51 2214 173 2278 rabitur.
221 2211 357 2277 Sardum
388 2215 480 2276 tuum
507 2215 563 2275 aut
593 2212 702 2296 potius
733 2231 840 2274 meum
870 2229 997 2294 quoque

53 2303 200 2366 salutabis
223 2300 449 2369 meo.n0mine
472 2299 651 2384 diligenter.
687 2297 804 2382 Velim,
827 2296 903 2363 dum
925 2297 998 2361 istie

53 2411 92 2472 es,
122 2392 150 2455 si
180 2411 246 2474 qua
267 2389 393 2453 ratione
420 2391 526 2472 potes,
549 2385 664 2453 Graeci
696 2387 851 2454 sermonis
884 2385 998 2452 saltem

53 2480 147 2560 prima
174 2479 336 2544 elementa
357 2475 533 2562 perdisces.
578 2475 630 2542 Ex
656 2476 766 2542 labore
789 2497 857 2540 non
879 2493 998 2558 magno

54 2589 182 2654 magnos
195 2567 329 2650 fruetus,
348 2565 375 2630 si
388 2565 510 2650 federis,
529 2565 643 2648 sapies.
670 2563 717 2629 Mi
731 2563 864 2630 Cioiane
879 2563 999 2648 optime

55 2659 81 2719 et
108 2655 311 2738 suavissime,
342 2654 440 2718 etiam
471 2657 567 2740 atque
599 2654 696 2718 etiam
727 2654 806 2717 vale.
833 2669 901 2716 x1v.
928 2650 999 2716 Kal.

55 2743 146 2828 April.
168 2760 315 2810 mnam.
346 2741 397 2806 Ex
419 2741 507 2806 urbe.
539 2739 658 2806 Sardus
681 2741 794 2826 ecquid
820 2740 1000 2804 litterarum

56 2853 72 2895 a
90 2855 138 2898 me
162 2832 331 2917 acceperit,
353 2830 434 2895 seire
457 2830 560 2916 cupio.

444 2954 602 2966 m

474 3023 566 3090 XXX

237 3153 286 3226 n.
314 3151 556 3226 iuremus
583 3104 806 3223 nunnius

362 3269 469 3326 luero
488 3268 603 3324 LIPSIO
623 3267 692 3324 SUO

494 3360 516 3401 S.
530 3361 557 3400 D.

8 3519 9 3522 ,
116 3451 207 3518 Nihil
229 3455 279 3517 est
301 3455 358 3517 aut
378 3455 411 3516 te
434 3449 603 3515 amabilius
631 3454 687 3515 aut
708 3450 824 3514 litteris
846 3448 910 3513 tuis
933 3447 1002 3511 dul-

59 3539 133 3605 eius:
162 3542 201 3606 ad
229 3561 309 3626 quas
337 3561 397 3626 ego
428 3539 545 3604 nudius
572 3539 686 3602 tertius
714 3539 860 3650 aeeeptss
892 3535 1002 3598 statim
