2330 3944
187 255 250 320 122
260 201 272 224 ι
571 250 707 307 ORATIO
725 251 787 306 XII.

184 401 293 466 hberis
319 403 428 485 patres
456 399 542 463 ultro
571 397 726 461 adiuvant
758 417 1002 480 praeproperam
1027 397 1056 460 et
1077 396 1113 459 in·

185 490 367 555 consultam
393 487 534 552 filiorum
562 485 771 570 cupiditatem
794 485 886 568 quasi
911 485 1061 568 verentes,
1083 506 1114 547 ne
1140 444 1141 528 l

185 577 314 662 quando
342 576 478 662 penuria
506 575 549 640 sit
574 575 610 639 in
637 574 766 638 civitate
793 573 974 657 hominum,
1001 573 1051 656 qui
1073 576 1115 636 aut

184 669 257 732 lites
285 669 342 731 aut
368 665 499 730 morbos
526 666 636 728 serant
663 665 696 727 et
728 665 785 728 aut
812 664 961 747 aegrotos
991 661 1115 725 remediis

185 760 243 821 aut
273 755 421 820 formulis
453 775 490 818 ac
522 756 598 817 cant
584 751 727 818 tionibus
759 751 954 852 patrimonia
985 750 1142 850 iugulent.

186 843 425 930 Oppugnantur
451 843 575 906 interea
601 841 728 906 litterae
756 861 866 905 anon
892 839 988 904 unius
1014 839 1117 924 generis

185 934 345 999 hostibus.
370 952 506 1016 quorum
529 931 585 995 alii
603 933 715 1016 aperto
733 927 839 994 Marte
858 951 912 994 eas
935 929 1118 1010 insectantm,

186 1023 241 1086 alii
265 1020 434 1105 cuniculis,
457 1039 530 1084 cum
553 1019 640 1084 aliud
663 1039 759 1104 agere
783 1039 816 1083 sc
840 1018 1005 1100 simulent,
1031 1038 1118 1081 earum

186 1110 418 1174 extinctionem
458 1129 495 1174 ac
538 1107 702 1193 disperdit
694 1129 802 1174 renem
842 1105 1028 1172 moliuntur.
1072 1103 1119 1168 Sed

186 1200 335 1264 omittam
356 1197 450 1282 haec,
478 1219 560 1282 quae
583 1197 702 1262 nullius
726 1218 783 1262 ora
783 1196 872 1261 tione
896 1195 976 1259 satis
999 1194 1094 1258 dolent
1083 1197 1119 1256 ter

186 1287 347 1372 deplorari
378 1291 513 1371 queunt,
544 1286 745 1369 referamque
776 1305 828 1348 me
860 1283 902 1348 ad
932 1283 1144 1368 propositum,

187 1397 292 1461 aquo
316 1396 367 1440 me
389 1376 437 1440 rei
460 1375 501 1440 ad
527 1396 599 1459 vos,
626 1374 810 1440 adolescent
796 1377 858 1458 tes,
885 1373 1023 1437 maxime
1044 1371 1120 1456 perti-

185 1466 294 1530 nentis
321 1463 501 1531 recordatio
528 1463 658 1549 longius
679 1463 832 1546 fortasse,
854 1483 954 1546 quam
981 1483 1037 1546 pur
1061 1463 1121 1540 erat,

186 1553 329 1618 abduxit.

252 1641 488 1725 interpretatus
515 1662 600 1724 sum,
627 1645 664 1706 ut
691 1641 769 1726 dixi,
800 1641 866 1705 iam
892 1640 1018 1725 pridem
1042 1639 1121 1704 libros

186 1727 390 1812 Ethicorum,
407 1749 495 1793 nunc
512 1732 621 1793 autem
638 1729 739 1794 libros
757 1729 981 1812 Politicorum,
999 1729 1051 1814 qui
1067 1749 1123 1792 cum

186 1817 250 1882 illis
287 1779 469 1882 contiiruati
505 1837 542 1881 ac
573 1818 710 1882 connexi
746 1822 835 1902 sunt,
871 1822 1030 1921 quantum
1057 1817 1123 1882 vires

186 1928 277 1972 meae
300 1907 418 1994 ferent,
440 1907 614 1990 illustrare,
641 1906 795 1991 vobisque
819 1906 860 1971 ad
883 1928 998 1972 eosm
999 1907 1123 1992 telligen-

187 1997 246 2062 dos
269 1997 361 2082 quasi
383 1959 488 2062 isicem
510 1995 671 2080 praeferre
694 1995 828 2060 decrevi.
863 1993 954 2059 In
926 2016 974 2060 ers
1002 2015 1124 2062 summus

186 2086 400 2170 philosophus
427 2107 466 2151 ea
492 2085 634 2169 quidem,
660 2105 742 2168 quae
770 2083 810 2147 ad
832 2083 996 2149 rationem
1016 2085 1060 2149 rei
1083 2083 1124 2146 do-

187 2176 339 2238 mesticae
366 2175 543 2258 pertinent,
574 2173 699 2238 modice
727 2171 893 2274 delibavit,
925 2195 1009 2257 quae
1037 2175 1126 2237 autem

188 2261 229 2325 ad
251 2263 496 2346 rempublicam,
517 2261 677 2326 uberrime
700 2282 737 2326 ac
756 2261 976 2363 copiosissime
999 2282 1126 2346 persecu·

187 2353 240 2414 tus
264 2353 322 2414 est.
358 2347 565 2415 Summamt
550 2350 651 2415 totius
678 2350 784 2434 operis
806 2350 959 2433 breviter,
988 2355 1026 2416 ut
1044 2351 1128 2431 soleo,

188 2459 346 2540 erponere
374 2439 409 2502 ιιι
437 2439 545 2504 animo
573 2443 650 2505 erat.
628 2437 818 2504 ttSed
781 2442 818 2504 ut
845 2438 908 2504 diei
929 2443 1058 2526 tempus
1083 2440 1128 2518 est,

189 2528 215 2591 si
243 2549 301 2594 vos
328 2527 449 2592 diutius
476 2527 620 2593 detinere
645 2549 828 2630 perrexero,
860 2528 1062 2614 obstrepetis.
1097 2487 1131 2589 li

188 2619 274 2680 crast
274 2616 364 2682 inum
395 2617 496 2718 igitur
526 2616 684 2702 differam,
720 2618 847 2702 iamque
882 2616 983 2682 finem
1020 2613 1130 2682 dicendi

187 2705 317 2789 faciam,
341 2701 368 2771 si
390 2707 479 2790 prius
503 2706 672 2792 quaedam,
695 2727 777 2790 quae
799 2707 1132 2792 praetermitteremus

187 2817 333 2879 possum,
361 2799 482 2879 quanta
509 2795 648 2862 maxima
670 2799 783 2878 potero
806 2795 963 2860 brevitate
990 2817 1063 2880 pers
1065 2794 1132 2858 trin·

187 2905 272 2950 xero.
299 2883 405 2949 Deum
418 2883 657 2968 hominesquet
658 2887 706 2948 est
708 2907 757 2969 or,
775 2883 951 2970 auditores,
969 2907 1020 2950 me
1036 2881 1133 2950 omnia

188 2973 298 3039 sedulo
316 2973 435 3058 facere,
453 2995 558 3057 neque
576 2973 680 3038 labori
694 2996 731 3038 ac
745 2973 863 3059 vigiliis
878 2995 1022 3058 parcere,
1040 2989 1133 3056 neque

186 3062 350 3129 interdum
380 3063 481 3149 ipsius
513 3062 706 3127 valetudinis
742 3063 902 3128 rationem
937 3063 1070 3146 habere,
1101 3061 1134 3127 ut

187 3151 302 3214 vestris
324 3153 520 3217 utilitatibus
548 3152 693 3216 serviam.
728 3151 870 3216 Voculae
896 3151 1065 3215 hominum
1087 3149 1135 3211 aut

187 3239 420 3305 malevolorum
442 3244 499 3305 aut
526 3241 602 3325 quid
630 3240 739 3304 dicant
760 3262 829 3306 non
857 3240 934 3304 satis
961 3238 1134 3321 intelligen-

186 3326 282 3411 tium,
315 3329 370 3411 qui
402 3350 507 3393 meam
539 3329 675 3395 docendi
706 3330 865 3395 rationem
897 3327 1137 3404 calumniantur,

186 3416 369 3500 vellentque
407 3439 457 3482 me
494 3422 620 3502 tempus
658 3439 844 3484 consumere
881 3417 916 3482 in
952 3414 1137 3501 quibusdam

186 3503 364 3588 puerilibus
391 3505 535 3589 ineptiis,
563 3507 678 3589 quibus
706 3506 880 3572 trivialium
906 3504 1138 3589 ludimagistro·

185 3615 257 3658 rum
291 3593 419 3658 scholae
453 3592 579 3658 assidue
611 3598 801 3679 personant,
836 3595 930 3660 facile
963 3596 1140 3658 contemno.
