2328 3956
386 219 505 276 CAPUT
524 221 585 277 Vll.
898 221 964 286 127

36 364 190 449 ιωμμιιιῶν
211 361 451 448 λαμβάνονιες,
474 361 525 430 ὅτι
547 361 707 432 κόπτουσι
729 364 785 431 καὶ
811 367 966 450 ψοφοῦσι

36 447 78 526 τὰς
100 449 218 517 έανιῶν
244 449 355 538 θύρας
381 455 511 518 ἔσωθεν
539 454 575 518 oi
601 453 753 539 προϊέναι
777 453 964 539 μέλλοντες,

37 535 104 616 ὅπως
131 546 284 624 αἴσθησις
311 539 372 620 ἔξω
399 540 530 624 γένοιτο
558 554 628 619 τοῖς
655 541 914 628 παρερχομένοις
940 537 965 627 ἢ

35 629 200 711 προεστῶσι,
223 628 278 694 καὶ
297 625 342 714 μὴ
361 625 668 714 καταλαμβάνοιντο
682 629 879 718 προϊούσαις
892 643 969 708 ταῖς

36 715 190 784 κλεισιάσιν
213 719 262 795 εἰς
283 714 345 784 τὸν
368 715 549 786 στενωπόν.

367 983 511 1052 CAPUT
534 983 608 1052 VH.

36 1101 249 1160 SENTENTIAM
262 1105 387 1176 iLLAM,
400 1107 537 1162 PATRIA
550 1105 628 1176 EST,
641 1105 853 1174 UBIOUNQUE
867 1105 968 1162 BENE

146 1193 225 1264 EST,
243 1193 364 1250 ACUTE
382 1195 408 1250 A
425 1194 534 1250 LYSIA
551 1194 833 1252 REPREHENSAM.

84 1336 168 1414 Quod
209 1341 247 1404 in
282 1344 388 1406 vetere
423 1340 590 1426 tragoedia
600 1338 626 1427 ¹)
661 1339 845 1406 Telamonis
880 1340 969 1404 filius-

36 1423 129 1491 lcucer
150 1428 269 1492 dixisse
291 1429 438 1514 traditur,
454 1431 597 1512 μαινιαιιι
619 1449 682 1495 csse
702 1429 817 1511 ααλριιι,
838 1428 966 1494 aaut

36 1535 75 1594 pu
96 1517 198 1599 cuique
226 1522 300 1583 esset
326 1517 410 1596 deae,
436 1518 470 1582 id
497 1518 559 1582 etsi
585 1517 718 1601 pulchre
745 1539 783 1582 ac
806 1517 969 1600 sapienter

36 1602 130 1670 dictum
155 1606 298 1690 ridetur,
325 1607 567 1691 profectumme
591 1607 632 1670 ab
655 1607 763 1672 animo
787 1606 910 1670 excelso
934 1607 972 1670 et

36 1691 203 1776 despiciente
228 1717 339 1760 omnes
362 1695 561 1779 acerbitates,
584 1717 664 1779 quas
686 1695 812 1760 homini
830 1694 968 1760 obiicere

35 1779 138 1847 fortuna
159 1787 288 1869 posset:
313 1783 453 1868 graviter
474 1787 585 1848 tamen
607 1787 640 1848 et
652 1804 725 1848 vere
738 1784 968 1867 reprehensum

36 1873 70 1931 est
91 1872 127 1935 ab
154 1875 282 1936 oratore
308 1871 556 1956 prudentissimo
580 1875 613 1935 et
634 1872 832 1955 acutissimo,
858 1870 967 1954 Lysia:

37 1955 338 2047 demonstratumque,
361 1982 432 2025 eam
456 1960 649 2026 sententiam
671 1960 813 2024 hominis
836 1980 906 2024 esse
929 1957 969 2022 de

37 2047 84 2110 suis
109 2052 238 2114 tantum
270 2049 445 2114 commodis
478 2049 607 2114 solliciti
637 2070 742 2134 neque
772 2048 813 2112 ad
842 2047 971 2112 civilem

37 2138 271 2202 communionem
307 2137 384 2222 apti.
437 2136 513 2203 Non
549 2138 636 2202 enirn
671 2137 763 2202 valde
798 2134 969 2217 laborabit,

37 2225 92 2304 quid
114 2227 223 2310 patria
250 2247 308 2290 sua
334 2227 404 2310 fiat,
432 2225 612 2313 quicunque
639 2247 677 2292 eo
705 2225 767 2290 erit
789 2224 910 2307 animo,
932 2227 973 2288 ut

36 2309 100 2376 illius
112 2316 280 2380 caritatem
292 2315 588 2400 opportunitatibus
599 2315 665 2380 suis
674 2314 835 2380 metiatur.
858 2311 969 2378 Solum

35 2399 130 2488 ipsum,
151 2405 206 2470 eui
228 2405 367 2487 primum
389 2404 518 2488 institit,
540 2408 573 2468 et
595 2404 718 2468 caelum
741 2403 861 2488 ipsum,
884 2401 969 2466 unde

36 2490 149 2568 prinum
168 2493 320 2578 spiritum
334 2493 433 2577 duxit,
451 2493 564 2577 diligat
577 2495 712 2576 oportet,
731 2493 786 2579 qui
800 2514 834 2557 se
848 2492 970 2556 bonum

36 2576 113 2644 civem
134 2581 298 2666 perhiberi
320 2582 402 2646 vult:
425 2585 482 2646 aut
509 2581 537 2645 si
559 2581 655 2664 forte,
678 2603 751 2646 cum
774 2581 853 2645 alibi
873 2583 974 2645 natus

37 2673 108 2751 esset,
128 2671 258 2735 civitate
282 2669 419 2736 donatus
442 2674 500 2753 est,
523 2691 594 2734 eam
616 2668 754 2734 imbibat
776 2669 975 2752 opinionem,

36 2758 67 2837 ut,
84 2759 143 2823 nisi
165 2759 290 2824 civitati
311 2759 393 2824 bene
416 2759 467 2843 sit,
488 2779 530 2822 ne
553 2759 615 2823 sibi
634 2757 761 2842 quidem
779 2760 871 2840 putet
888 2756 971 2821 bene

36 2863 87 2908 esse
107 2869 210 2930 posse.
256 2847 371 2932 ltaque
393 2845 518 2931 Ulixes,
545 2851 583 2911 ut
610 2850 658 2910 est
680 2845 715 2910 in
737 2845 869 2928 fabulis,
898 2866 970 2908 cum

36 2935 101 3014 apud
115 2935 330 3020 Calypsonem
352 2940 461 3020 posset
483 2935 518 3000 in
542 2935 690 3000 omnibus
712 2935 833 2999 deliciis
855 2933 971 3017 vivere,

35 3023 123 3088 tamen
152 3027 245 3090 fliam
274 3047 421 3108 asperam
448 3027 481 3090 et
507 3024 686 3108 lapidosam
712 3023 851 3106 patriam
880 3043 972 3085 suam

37 3114 201 3196 anteposuit
232 3113 330 3178 etiam
361 3113 611 3178 immortalitati:
643 3133 710 3176 non
740 3112 787 3174 ita
818 3111 974 3196 facturus,

37 3197 172 3287 sillam,
202 3211 300 3288 quain
327 3202 477 3286 diximus,
504 3201 618 3266 Teucri
641 3201 834 3266 sententiam
857 3221 971 3284 appro-

36 3283 131 3355 basset.
181 3289 304 3356 Verum
334 3291 406 3375 ipsa
436 3290 546 3375 verba,
579 3289 695 3374 quibus
726 3312 798 3354 eam
829 3290 976 3374 exagitat

36 3370 141 3464 lysias,
163 3383 320 3464 praestat,
343 3383 380 3444 ut
402 3381 526 3465 opinor,
548 3378 714 3446 ascribere.
759 3376 842 3446 Sunt
864 3381 970 3442 autem

94 3569 111 3640 ¹)
130 3571 170 3628 cf.
192 3571 247 3629 Cic.
267 3572 347 3628 Tusa.
366 3571 400 3628 V.
420 3578 462 3628 37.
483 3578 542 3629 108.
