2330 3944
5 3695 7 3736 l

5 3755 7 3780 r

5 3827 9 3901 l

389 205 523 262 caurio
542 207 602 262 xv.
907 197 970 275 147
1022 205 1024 217 ·

34 349 219 413 observasset
244 353 358 433 postea
385 354 420 416 et
445 351 591 416 notasset
618 351 801 437 diligenter,
829 355 906 437 quid
933 377 971 420 ex

34 458 84 519 quo
105 441 312 502 consecutum
334 441 431 503 esset:
455 439 526 522 quis
545 461 612 504 non
630 441 848 506 incredibilem
872 465 970 527 quan·

34 525 94 587 dam
118 525 152 590 in
176 547 214 590 eo
241 527 349 611 vigere
373 527 439 592 vim
466 527 591 592 consilii
614 529 778 594 crederet?
805 531 876 614 quis
903 544 978 596 non¹

33 614 87 676 eius
108 615 302 680 sententiam
331 615 487 680 derebus
516 617 664 702 gerendis
686 618 722 682 in
750 621 872 684 oraculi
897 643 970 704 pro·

32 701 187 784 pemodum
222 705 294 769 loco
331 725 369 768 ae
404 727 539 770 nurnero
575 705 758 771 habendam
792 707 971 774 fateretur?

32 790 117 874 Atqui
138 792 225 874 quod
248 796 366 856 natura
392 793 488 858 nobie
516 793 667 880 denegat,
694 798 840 880 praestat
870 796 971 862 histo·

32 879 79 962 ria,
107 883 157 964 ut,
191 881 245 964 qui
273 902 345 945 eam
372 881 427 946 diu
455 903 492 946 ac
519 881 691 968 diligenter
715 885 972 970 permutarunt,

32 967 164 1032 omnibus
193 969 353 1034 aetatibus
379 970 511 1055 vixisse,
542 993 654 1036 omnes
685 973 834 1057 regiones
865 973 970 1056 perlu-

32 1060 147 1135 strasse,
176 1058 327 1123 omnibus
354 1059 491 1142 publicis
514 1061 656 1124 consiliis
679 1061 877 1146 interfuisse,
905 1083 971 1126 orn·

31 1144 84 1228 nia,
106 1167 188 1228 quae
206 1169 350 1230 unquam
368 1148 587 1232 contigerunt,
605 1153 790 1232 praesentes
810 1153 971 1234 spectasse

32 1237 111 1316 atque
133 1239 310 1300 annotasse
332 1235 511 1301 rideantur.
541 1235 627 1301 Nam
651 1238 736 1322 quod
759 1238 877 1303 alicubi
899 1237 971 1302 Ari·

32 1321 185 1408 sloteles*)
227 1325 287 1408 ait,
326 1325 482 1390 maiorem
522 1326 684 1408 quandam
725 1347 794 1390 esse
830 1327 971 1410 poetices

32 1430 111 1490 quam
151 1411 307 1478 historiae
348 1434 422 1478 cum
461 1413 668 1498 philosophia
703 1415 972 1496 coniunctionem,

32 1499 100 1578 quod
131 1499 269 1566 historia
299 1505 442 1586 tanturn,
474 1501 550 1585 quid
582 1503 704 1566 factum
737 1503 791 1586 sit,
823 1507 971 1587 exponat,

30 1587 152 1671 metica,
175 1588 254 1672 quid
276 1589 346 1653 fieri
369 1589 526 1654 debuerit:
553 1590 587 1653 id
610 1591 703 1674 quale
727 1595 784 1655 aut
811 1591 987 1673 quomodo·

31 1675 237 1759 accipiendum
252 1677 307 1762 sit,
325 1678 406 1742 alias
422 1678 561 1742 fortasse
574 1678 761 1744 videbimus.
788 1679 872 1744 Illud
887 1683 971 1743 certe

5 1781 7 1786 ·
31 1767 55 1824 et
71 1768 155 1829 extra
172 1787 305 1830 omnem
323 1767 576 1832 controversiam
590 1771 640 1832 est
666 1772 699 1832 et
717 1769 758 1832 ab
776 1768 888 1832 eodem
901 1768 971 1851 phi·

30 1850 151 1936 losopho
174 1851 311 1940 alibi**)
334 1855 485 1940 traditur,
512 1857 547 1920 in
570 1857 722 1942 gradbus
745 1860 778 1920 et
801 1857 890 1920 seriis
919 1856 971 1919 de·

31 1937 262 2010 liberationibus
290 1963 362 2009 eum
389 1945 548 2009 maximus
576 1945 794 2028 exemplorum
820 1964 897 2008 usur
921 1943 991 2027 siu·

31 2047 45 2088 e
73 2031 166 2110 potitis
200 2031 332 2115 quidem
357 2033 460 2117 petita
487 2035 633 2117 exempla
663 2034 697 2096 in
725 2033 841 2116 vulgus
873 2031 971 2094 inter-

30 2114 95 2182 dum
108 2119 229 2203 aliquid
243 2122 363 2204 valere3
381 2125 416 2184 at
434 2121 519 2206 apud
538 2141 653 2207 graves
672 2125 705 2186 et
722 2120 873 2185 cordatos
885 2119 972 2183 viros

29 2206 116 2272 multo
130 2209 288 2274 maiorem
306 2209 372 2275 vim
386 2231 436 2294 ea,
455 2229 536 2293 quae
555 2233 594 2274 ex
611 2209 754 2275 historiis
774 2209 869 2273 ducta
888 2211 973 2292 sunt,

31 2293 172 2360 obtinere.

82 2383 167 2449 Nam
205 2386 292 2469 quod
327 2383 558 2472 Horatius***)
594 2385 773 2450 Homerum
812 2405 973 2450 commen·

28 2467 97 2536 dans
119 2473 226 2538 dicere
249 2495 346 2539 ansus
370 2478 432 2558 est,
460 2473 536 2558 quid
558 2474 744 2554 honestum,
771 2473 847 2558 quid
870 2477 974 2558 turpe,

29 2560 93 2640 quid
124 2563 219 2647 utile,
251 2563 329 2646 quid
359 2563 472 2628 inutile
505 2563 560 2648 sit,
590 2563 705 2628 melius
734 2583 808 2627 eum
839 2581 876 2625 ac
907 2562 973 2645 ple-

27 2648 88 2712 nius
117 2672 217 2734 quam
244 2651 455 2736 philosophos
483 2651 610 2737 dooere,
635 2653 669 2716 id
692 2671 752 2738 ego
776 2651 815 2715 de
837 2649 975 2714 historia

27 2735 112 2822 longe
135 2740 245 2804 verius
269 2761 306 2805 ac
327 2741 443 2806 iustius
471 2739 575 2806 dicere
598 2742 710 2806 ausim.
746 2739 877 2804 Etenim
904 2737 973 2821 phi·

26 2823 145 2912 losophi
174 2829 296 2912 primas
322 2851 430 2894 rerum
458 2850 588 2894 caussas
615 2830 795 2913 inquirumt,
821 2828 857 2891 in
882 2847 974 2910 prae-

26 2917 117 2999 ceptis
156 2918 381 2982 communibus
416 2917 633 3001 latissimeque
664 2916 850 3001 patentibus
883 2935 974 2978 occu·

25 3009 150 3089 paritur,
175 3007 305 3090 singula
322 3027 391 3070 non
407 3006 475 3070 fere
493 3005 707 3071 considerant.
734 3003 847 3068 Omnis
866 3005 975 3066 autem

26 3094 99 3158 ectio
125 3095 297 3176 omnisque
320 3093 507 3158 deliberatio
531 3094 667 3179 singulis
689 3094 725 3158 in
751 3092 846 3156 rebus
869 3111 975 3155 versa·

24 3186 79 3265 tur,
107 3203 218 3265 neque
242 3182 413 3266 quisquam
434 3204 591 3267 unquam,
618 3205 697 3247 num
718 3180 839 3247 bellum
863 3199 975 3266 geren·

25 3268 89 3334 dum
122 3271 227 3356 foret,
259 3271 316 3336 sed
346 3293 425 3338 num
455 3272 530 3336 huic
558 3273 677 3356 populo
706 3270 858 3336 adversus
884 3269 976 3333 illum

67 3483 92 3550 *)
112 3481 195 3606 {oe}
216 3497 239 3535 c.
260 3485 284 3535 9.
393 3482 434 3562 ἢ)
453 3481 534 3536 Rhet.
554 3481 587 3534 ΙΙ.
608 3486 649 3536 20.
670 3487 693 3535 8.
802 3481 859 3551 ***)
878 3479 975 3534 Horat.

24 3565 57 3620 ep.
76 3561 105 3621 1,
148 3593 155 3606 .
193 3595 200 3607 .

763 3639 817 3690 10*
