2326 3942
347 219 555 276 PRAEFATIO
576 221 610 276 Il.
892 221 957 287 203

35 386 91 428 nen
112 363 152 448 id,
182 387 275 449 quam
308 365 424 450 quibus
452 369 591 449 oportet,
624 387 775 450 quaerere
807 366 962 432 insistant

34 455 84 517 viis.
97 452 155 517 Alii
168 455 380 519 constentiam
390 455 726 540 perseverantiamque
735 477 802 521 non
811 456 961 541 retinent,

35 543 75 605 sed
93 563 155 605 cum
177 545 209 606 et
231 543 271 608 ad
294 565 344 628 eu,
373 565 454 628 quae
477 544 675 628 bona-sunt,
698 544 792 609 initio
816 544 960 610 animum

35 630 187 712 adiecerint,
209 635 242 695 et
264 653 318 698 eas
341 632 479 718 ingressi
502 633 568 698 sint
590 633 671 716 vias,
696 654 793 718 quae,
816 655 880 718 quo
898 633 962 717 ipsi

33 719 151 802 tendunt,
172 719 289 803 ferant,
312 725 426 804 postea
446 725 557 786 temen
579 723 630 785 vel
649 721 836 786 difficultate
854 743 961 787 rerum

34 807 146 873 deterriti
167 810 215 873 vel
236 831 294 874 sua
312 810 441 874 levitate
461 809 618 892 distracti,
642 814 871 876 convertuntur
890 811 962 894 olio,

35 900 56 959 ct
71 897 111 960 vel
130 897 276 982 ignaviae
295 919 364 963 sese
385 899 476 982 dant,
498 900 549 963 vel
572 902 656 964 certa
675 919 789 985 urgere
806 899 852 983 id,
877 899 962 984 quod
1030 917 1035 926 “

35 985 159 1069 principio
178 987 241 1052 sibi
259 992 507 1072 proposuerant,
530 988 689 1053 desinunt.
726 987 793 1053 Alii
816 987 962 1073 denique,

35 1096 106 1156 qum
118 1079 148 1139 ct
159 1097 232 1142 vere
245 1077 400 1159 iudicent,
418 1080 451 1142 et
469 1077 548 1142 sutis
562 1080 748 1142 constanter
761 1078 796 1142 in
809 1098 861 1160 co,
876 1077 962 1162 quod

35 1162 182 1249 instituere,
204 1166 412 1250 pertendant,
435 1165 550 1231 virium
568 1169 679 1230 tamen
697 1165 916 1230 imbecillitate
930 1169 963 1230 et

35 1251 115 1334 iuopia
126 1255 279 1340 consequi
293 1277 343 1338 ce,
363 1276 444 1340 quae
458 1255 584 1338 volunt,
602 1277 670 1320 non
684 1259 813 1340 queunt
836 1253 960 1319 Harum

37 1343 145 1406 onmem
165 1364 276 1409 rerum
299 1345 447 1430 graviora
469 1344 616 1428 exempla
639 1363 677 1408 ex
700 1343 849 1408 omnibus
877 1343 962 1408 vites

38 1432 146 1510 partibus
173 1453 301 1498 sumere
329 1436 391 1517 est,
420 1433 476 1497 scd
501 1452 561 1517 ego
584 1453 670 1496 nunc
692 1432 772 1496 illud
794 1453 962 1516 exponam,

39 1520 95 1600 qued
106 1542 151 1584 me
173 1522 236 1588 hoc
256 1525 402 1606 tempore
419 1523 455 1587 in
473 1521 557 1586 hune
575 1521 803 1606 cogitationem
823 1521 962 1604 deduxit,

37 1609 100 1672 utin
119 1631 154 1676 eo
177 1612 368 1695 explicando
391 1611 432 1676 ad
454 1611 500 1694 id,
530 1610 616 1694 quod
638 1609 718 1674 mihi
739 1609 867 1693 proprie
889 1631 983 1694 pro·-

16 1697 143 1777 ,positum
164 1704 223 1783 est,
246 1723 320 1766 mea
341 1700 498 1784 paulatim
522 1699 690 1763 delabatur
713 1698 824 1764 oratio.

81 1785 150 1852 Cum
177 1790 267 1853 enim
294 1809 431 1872 mecum,
464 1786 612 1872 Seriane,
641 1787 677 1851 in
704 1787 812 1852 animo
839 1791 962 1871 reputo,

38 1875 74 1956 qui
89 1875 149 1960 fiat,
170 1881 208 1942 ut
230 1878 293 1942 hac
315 1880 506 1962 tempestate
529 1881 597 1941 tam
620 1875 715 1960 pauci
729 1875 807 1958 sint,
830 1876 865 1939 in
886 1897 962 1960 quo·

37 1983 84 2027 run
102 1970 153 2031 aut
174 1987 324 2032 sermone
347 1971 403 2030 eut
430 1967 558 2050 seriptis
585 1965 681 2030 liceat
707 1963 883 2048 imaginem
906 1964 963 2027 ali·

16 2071 105 2132 ἶεεειε
124 2056 277 2140 antiquae
304 2056 389 2120 illius
412 2053 578 2120 Romanae
602 2053 757 2120 cretionis
781 2072 963 2138 agnoscere,

15 2141 17 2212 J
37 2143 139 2226 reperio,
160 2144 238 2209 huic
265 2166 391 2230 quoque
405 2145 491 2209 malo
505 2165 573 2227 eas,
596 2165 675 2228 quas
690 2144 765 2206 ante
788 2141 866 2224 dixi,
890 2141 963 2205 sub-

15 2229 83 2292 'esse
105 2253 240 2298 caussas.
284 2231 428 2298 Primum
454 2233 502 2298 ite
533 2233 653 2318 agresti
684 2231 807 2316 aliquot
832 2229 964 2314 ingenio

37 2321 155 2406 reperies,
177 2325 230 2406 ut,
253 2343 334 2407 quae
357 2323 392 2387 in
409 2321 556 2387 facienda
570 2319 804 2404 excolendaque
819 2318 964 2384 oratione

16 2409 152 2495 demitur,
179 2431 310 2476 omnem
337 2411 440 2496 perire
464 2431 594 2495 operam
620 2412 751 2493 putent3
779 2407 873 2491 alios,
901 2407 965 2492 qui,

39 2499 150 2576 quanvis
171 2501 208 2564 in
232 2504 344 2566 ornate
366 2499 519 2585 loquendi
540 2499 665 2563 ratione
680 2497 821 2562 studium
843 2517 964 2580 ponen-

38 2582 90 2648 lm
107 2610 169 2654 non
185 2594 322 2674 negent,
344 2611 411 2654 non
433 2589 469 2652 in
486 2587 603 2652 Latina
625 2587 659 2650 id
680 2590 790 2650 tamen
804 2585 964 2650 Graecave

40 2670 130 2759 lingere,
151 2678 208 2744 sed
231 2679 267 2742 in
289 2700 340 2762 ea,
363 2699 427 2763 qua
449 2677 546 2762 vulgo
569 2676 702 2758 utimur,
725 2674 795 2738 fieri
813 2677 965 2738 censeant

40 2767 160 2841 oportere.
196 2767 306 2852 Atque
328 2767 401 2832 iflos
425 2766 553 2852 quidem
571 2765 685 2829 merito
704 2762 808 2847 possit
830 2761 965 2846 quilibet

39 2852 63 2910 ut
78 2859 208 2920 amentes
233 2856 357 2940 aliquos
380 2855 587 2939 stupidosque
608 2855 826 2936 contemnere3
849 2850 965 2915 horum

16 2956 90 3006 ,vero
112 2964 258 3026 perversa
285 2944 395 3028 opinio
422 2943 469 3007 ite
499 2943 564 3007 iam
592 2961 805 3026 peromnem
836 2938 965 3003 Italiam

40 3036 181 3115 pervagata
204 3033 358 3119 quasique
388 3031 606 3117 proseminata
629 3034 690 3114 cst,
717 3033 754 3093 ut
779 3029 965 3092 innumeros

15 3120 169 3204 praeclaro
201 3121 331 3186 iuvenes
362 3121 494 3208 ingenio
522 3143 541 3184 a
568 3119 674 3184 studio
702 3139 811 3182 earum
840 3115 966 3200 lingua-

15 3221 17 3296 ᾗ
41 3221 100 3288 mm,
119 3210 231 3293 quibus
254 3211 359 3276 omnis
381 3209 580 3292 humanitas,
609 3207 713 3272 omnis
736 3205 882 3270 doctrina
905 3205 966 3270 ele-

15 3301 109 3378 lttsst
137 3300 239 3364 omnis
267 3300 469 3386 antiquitatis
500 3297 657 3362 memoria
684 3295 878 3377 continetur,
911 3293 966 3359 ab·

15 3379 17 3450 !
42 3377 149 3468 duxerit,
169 3389 406 3474 periculumque
429 3409 525 3473 porro
548 3387 604 3470 sit,
633 3405 687 3467 nc,
711 3385 739 3448 si
760 3384 822 3448 hoc
844 3383 966 3446 malum

15 3457 134 3538 iudices
162 3482 248 3562 egat,
281 3499 362 3564 quae
389 3497 515 3560 semper
545 3475 677 3559 propria
707 3473 870 3570 Italorum,
895 3470 966 3532 laus

42 3551 94 3640 fuit,
115 3567 149 3628 ut
170 3566 228 3631 soli
250 3587 290 3630 ex
313 3567 461 3631 omnibus
492 3564 609 3628 Latina
632 3561 776 3626 oratione
804 3559 904 3640 pente
928 3575 966 3618 ac
