2360 3944
167 243 212 308 54
543 239 679 296 ORATIO
698 239 732 293 V.

120 412 124 418 ·
168 388 392 472 flagitiosoque
423 385 504 469 vita,
537 405 669 470 marem
705 405 912 467 severamque
946 383 1124 448 doctrinam

168 497 236 540 non
259 475 389 540 auribus
412 477 555 557 tantum,
578 472 634 537 sed
656 473 759 537 multo
783 473 888 558 magis
912 473 1028 537 animis
1042 494 1123 538 com-

169 565 326 628 bibamus.
361 561 439 628 Non
462 563 563 645 enim,
590 562 617 625 si
645 561 700 644 qui
723 583 763 624 ex
784 560 918 625 medicis
942 561 1014 625 cibo
1037 583 1068 625 se
1091 565 1126 624 et

169 655 250 737 potu
277 651 449 736 aliquando
477 650 695 735 ingurgitant,
727 671 765 714 eo
797 649 861 714 illis
893 649 1126 714 continentiam

169 740 454 825 praecipientibus,
492 739 547 822 qui
579 738 722 822 sapiunt,
759 737 866 802 minus
897 741 1028 822 parent;
1063 739 1127 822 sed,

169 829 218 892 illi
232 829 370 912 ‘quidem
393 827 469 912 quid
493 829 607 912 agant,
634 848 702 891 non
724 827 889 910 laborant,
918 827 998 890 artis
1022 830 1126 891 autem

170 918 271 1001 ipsius
297 918 425 1003 placitis
448 919 481 980 et
508 915 644 980 decretis
667 915 901 998 obtemperant
942 914 1029 980 Nam
1056 937 1128 980 cum

171 1006 305 1070 alicuius
323 1027 429 1069 mores
448 1007 481 1068 et
498 1008 670 1088 praecepta
688 1007 875 1088 congruunt
888 1025 926 1068 ac
945 1005 1128 1087 concinunt,

171 1099 250 1158 tunc
277 1096 335 1156 aut
360 1096 496 1176 utraque
518 1093 681 1156 laudanda
703 1095 780 1156 sunt
803 1095 861 1158 aut
882 1096 1020 1176 utraque
1047 1094 1128 1156 vitu-

170 1181 327 1266 peranda:
350 1202 423 1246 cum
446 1181 630 1265 discrepant
652 1184 685 1246 ct
707 1180 876 1265 dissident,
903 1202 1018 1246 caussa
1040 1183 1129 1246 nulla

172 1270 235 1334 dici
257 1273 380 1354 potest,
407 1271 486 1354 quin
517 1271 653 1334 alterum
676 1268 882 1334 retinendum
909 1269 965 1354 sit,
993 1270 1131 1334 alterum

171 1359 387 1423 reiiciendum.
413 1357 540 1423 Horum
558 1381 578 1422 a
592 1359 684 1422 dictis
698 1358 785 1422 facta
798 1359 846 1422 ita
860 1358 979 1422 distare
993 1361 1130 1442 constat,

172 1451 299 1512 utnon
322 1449 447 1512 coelum
469 1469 489 1510 a
510 1450 597 1510 terra
619 1447 748 1531 longius
777 1447 889 1530 distet,
917 1449 995 1511 sunt
1022 1450 1132 1512 autern

172 1536 261 1599 facta
287 1537 486 1620 turpissima:
514 1536 615 1620 igitur
644 1555 822 1619 sermones,
849 1535 966 1618 quibus
994 1557 1033 1599 ea
1061 1537 1132 1620 ipsa

172 1623 260 1687 facta
283 1624 477 1688 damnantur
500 1645 538 1687 ac
559 1623 852 1707 reprehenduntur,
875 1623 1058 1710 dignissimi
1078 1625 1132 1707 qui

174 1711 354 1775 audiantur.
772 1747 775 1756 =

239 1797 347 1882 Atque
379 1802 417 1864 ut
447 1799 574 1884 medici,
611 1821 674 1884 quo
712 1800 867 1865 maiorem
903 1801 1133 1866 auctoritatem

173 1887 236 1952 arti
268 1909 343 1952 suae
376 1888 561 1972 concilient,
598 1889 704 1952 solent
743 1889 906 1954 interdum
942 1910 1133 1954 enumerare

174 1977 330 2060 quosdam
358 2000 375 2042 e
402 1977 582 2061 praecipuis
610 1977 796 2042 auctoribus
828 1977 1017 2061 disciplinae
1046 2001 1133 2060 suae,

174 2067 230 2149 qui
261 2066 347 2150 quod
378 2067 425 2130 ita
457 2088 490 2130 se
522 2068 763 2150 compararunt,
799 2068 837 2130 ut
868 2069 1042 2150 praecepta
1076 2089 1135 2131 sua

173 2176 242 2219 non
269 2155 521 2219 ostentationem
548 2154 714 2238 scientiae,
746 2153 802 2218 sed
828 2154 934 2238 legem
959 2155 1047 2220 vitae
1077 2178 1134 2240 pu-

103 2317 107 2322 ,
173 2245 295 2325 tarent,
318 2242 495 2306 diutissime
519 2242 788 2326 saluberrimeque
811 2242 973 2306 vixerunt:
1000 2244 1049 2306 ita
1073 2266 1134 2308 nos

173 2329 269 2412 nihil,
292 2329 319 2394 si
341 2331 502 2414 volumus,
524 2330 671 2415 impedit,
695 2330 872 2414 quamlibet
893 2331 1012 2394 multos
1027 2331 1134 2414 philo·

175 2418 294 2501 sophos
317 2418 498 2502 nominare,
521 2419 589 2502 qui,
613 2418 698 2503 quod
712 2419 848 2483 decretis
867 2419 933 2483 suis
955 2421 1136 2504 paruerint,

175 2528 317 2589 quasque
344 2508 432 2591 leges
460 2507 531 2572 aliis
558 2508 798 2591 proponebant,
828 2507 892 2590 ipsi
924 2510 1136 2592 servaverint,

174 2595 289 2659 merito
318 2599 395 2660 sunt
422 2596 508 2680 apud
535 2617 646 2662 omnes
673 2597 810 2680 populos
837 2617 1005 2679 nunquam
1032 2596 1136 2662 inter-

170 2683 364 2768 morituram
392 2685 529 2770 gloriam
556 2685 728 2750 consecuti.
769 2683 822 2748 llli
852 2685 1000 2750 fortassis
1028 2687 1136 2751 nomi·

175 2773 301 2836 nabunt
323 2771 568 2859 Hippocratem,
591 2771 830 2857 Asclepiadem,
853 2771 1025 2856 Galenum3
1054 2792 1155 2859 quo·

174 2883 246 2925 rum
269 2861 391 2945 primus
414 2884 514 2946 usque
538 2862 579 2926 ad
602 2883 724 2926 annum
747 2861 957 2927 centesimum
980 2867 1138 2945 quartum

175 2953 280 3015 aetate
307 2954 477 3035 provectus
505 2955 567 3036 est,
599 2951 681 3015 alter
703 2973 741 3016 eo
768 2951 926 3034 processit
953 2951 1031 3015 artis
1056 2973 1137 3018 suae

174 3040 300 3126 fiducia,
318 3049 355 3106 ut
374 3062 470 3106 ausus
490 3041 532 3106 sit
550 3061 622 3105 cum
640 3041 772 3104 fortuna
791 3039 999 3123 sponsionem
1016 3039 1138 3125 faeere,

175 3149 216 3191 ne
238 3130 380 3194 medicus
403 3130 589 3214 haberetur,
616 3129 643 3194 si
665 3129 732 3193 ullo
755 3150 898 3212 unquam
920 3128 1034 3193 morbo
1062 3132 1137 3196 ten·

174 3219 263 3280 tatus
282 3223 379 3300 esset,
402 3223 436 3281 et
448 3219 564 3301 victor,
588 3239 661 3282 cum
680 3217 722 3280 ad
735 3220 911 3281 extremam
934 3219 1139 3284 senectutem

173 3304 244 3368 sine
267 3305 334 3369 ullo
357 3306 469 3370 morbo
493 3305 704 3389 pervenisset,
728 3307 887 3370 scalarum
908 3306 1002 3389 lapsu
1025 3309 1138 3372 exani-

175 3395 282 3458 matus
305 3396 366 3476 est,
388 3394 503 3458 tertius
527 3415 600 3458 cum
622 3393 824 3459 imbecilliori
846 3393 1030 3458 valetudine
1055 3417 1138 3462 usus

175 3485 261 3547 esset
283 3481 482 3565 adolescens,
504 3483 551 3546 ita
574 3503 645 3546 eam
669 3485 737 3546 arte
761 3483 911 3566 correxit,
938 3486 976 3545 ut
998 3482 1040 3546 ad
1065 3506 1139 3570 sep-

174 3571 392 3658 tuagesimum
415 3592 537 3636 annum
559 3571 749 3654 pervenerit.
786 3569 856 3636 Nos
872 3593 888 3634 e
907 3571 1140 3656 philosophiae
