2330 3944
411 213 546 268 ORATIO
566 214 599 268 X.
922 216 984 279 109

48 379 111 442 pore
145 357 323 441 quamlibet
356 357 484 423 infirmo
516 363 704 444 perpetuam
737 361 836 424 animi
867 362 985 426 retinet

48 446 227 530 firmitatem
251 467 319 510 non
341 447 393 510 cui
416 448 519 511 multa
542 447 622 512 dura
645 451 678 512 ct
699 469 852 532 perpessu
872 471 985 534 aspera

48 535 195 618 eveniunt,
222 535 331 618 miser,
360 535 416 598 sed
442 536 471 599 is
497 536 619 620 potius,
647 537 701 620 qui
728 538 889 621 prosperis
917 559 985 602 suc-

49 623 170 687 cessibus
204 623 311 687 ebrius
342 644 447 707 neque
479 625 576 688 altius
605 625 714 690 oculos
746 627 862 690 mentis
891 627 985 690 attol-

47 713 102 775 lens
135 711 170 774 in
207 711 335 776 caducis
372 733 409 776 ac
445 712 614 777 fallacibus
647 713 743 777 huius
774 715 859 778 vitae
891 715 985 778 bonis

46 800 212 884 acquiescit.
252 798 362 884 Nona,
391 804 429 864 ut
455 801 558 886 magis
581 802 760 866 illustretur
790 823 900 866 eorum
931 825 986 886 pa-

45 889 144 952 tientia
171 910 210 954 ac
236 887 408 974 fortitudo,
441 891 495 974 qui
524 911 557 954 se
585 912 605 954 a
637 891 874 954 calamitatibus
901 891 987 954 vinci

43 999 101 1042 nun
125 977 245 1042 sinunt.
284 976 398 1062 Neque
426 979 513 1042 euim
540 1001 559 1042 a
585 979 679 1043 nobis
708 982 987 1064 cognoscerentur,

46 1067 97 1129 uisi
121 1089 140 1130 a
167 1066 238 1130 Deo
265 1067 301 1130 in
331 1066 516 1131 huiusmodi
545 1067 772 1131 certaminibus
805 1089 986 1132 exerceren-

45 1158 95 1217 tur.
141 1154 279 1232 Amm,
316 1158 353 1218 ut
394 1154 536 1220 dicturus
578 1159 627 1220 est
667 1153 840 1242 Seneca*),
874 1156 989 1237 probat

45 1244 122 1324 iquc's,
145 1244 274 1308 misena
294 1243 389 1324 fortes
409 1244 499 1309 viros.
531 1243 677 1328 Decima,
700 1245 853 1328 quoniam
875 1245 987 1308 huma-

46 1352 95 1394 nae
119 1335 256 1396 naturae
282 1331 485 1397 imbecillitas
514 1355 555 1397 ne
583 1334 722 1419 optimos
751 1332 879 1416 quidem
902 1334 988 1398 viros

47 1421 135 1484 omnis
166 1421 292 1504 peccati
324 1424 468 1504 expertes
502 1443 570 1486 esse
600 1422 736 1506 patitur,
767 1441 871 1504 neque
904 1421 988 1504 quis·

47 1529 127 1590 quam
150 1513 208 1572 aut
231 1511 281 1573 cst
308 1512 365 1574 aut
391 1509 454 1573 fuit
476 1513 604 1595 praeter
626 1509 850 1594 paucissimos,
873 1509 988 1593 quibus

47 1596 72 1658 id
96 1598 249 1682 singulari
277 1597 339 1674 Dei
365 1597 522 1662 beneficio
550 1598 708 1662 tributum
736 1601 798 1682 est,
827 1597 905 1681 quin
933 1598 989 1660 ali·

48 1685 161 1767 quando
194 1685 371 1750 offenderet
402 1707 440 1751 ac
470 1687 705 1770 prolaberetur,
737 1689 774 1750 ut
801 1686 854 1750 hic
881 1687 989 1770 potius

49 1794 130 1855 quam
151 1775 229 1838 alibi
251 1778 384 1858 peccata
407 1776 587 1860 expientur:
610 1780 648 1840 ut
670 1776 698 1839 si
721 1796 784 1858 qua
802 1776 929 1838 macula
952 1797 990 1838 ex

49 1861 100 1925 illis
129 1863 389 1948 prolapsionibus
422 1867 571 1948 suscepta
599 1867 661 1947 est,
691 1863 894 1946 temporariis
926 1863 991 1925 illis

51 1951 262 2016 acerbitatibus
308 1953 400 2036 quasi
439 1953 526 2017 nitro
568 1953 707 2036 quodam
751 1955 808 2014 aut
847 1952 990 2014 lomento

53 2038 159 2104 eluatur
196 2061 235 2104 ac
271 2039 423 2106 deleatur.
468 2039 554 2106 Nam
586 2062 659 2104 cum
690 2039 849 2103 iustitiae.
865 2037 991 2102 divinae

54 2132 288 2192 cousentaneum
320 2129 363 2194 sit
394 2130 557 2194 neminem
589 2129 624 2193 in
660 2128 785 2192 coelum
816 2127 992 2211 pervenire,

52 2215 97 2296 qui
123 2219 187 2281 ulla
220 2240 259 2282 ex
294 2221 387 2320 parte
423 2219 566 2320 pollutus
603 2239 665 2282 con
665 2213 905 2368 taminatusque
942 2216 993 2300 sit,

52 2305 162 2386 expedit
192 2306 232 2370 iis
265 2306 358 2391 ipsis,
390 2307 445 2391 qui
472 2306 542 2371 Deo
576 2307 641 2370 cari
674 2305 842 2389 sunt,1ta
868 2305 904 2368 in
931 2304 993 2368 hac

51 2392 91 2454 vit
92 2414 108 2455 a
123 2395 267 2480 purgari,
285 2398 335 2478 ut,
353 2416 457 2459 cume
477 2395 621 2479 corporis
640 2356 776 2459 vinculis
791 2393 994 2476 excesserint,

52 2481 129 2545 nulla
158 2485 222 2547 alia
253 2484 447 2568 purgatione
481 2487 612 2569 egentes
646 2484 714 2547 sine
746 2483 814 2546 ulla
841 2503 932 2547 mora
959 2481 995 2544 in

51 2570 161 2634 coelum
183 2572 312 2636 evolare
335 2573 474 2656 expediti
498 2593 535 2636 ac
562 2572 657 2635 liberi
683 2571 820 2655 possint.
855 2569 994 2635 Undeci-

51 2677 108 2738 ma,
134 2663 170 2724 ut
202 2681 267 2744 quo
299 2661 393 2744 plura
425 2661 540 2725 acerba
571 2660 753 2744 patiuntur,
786 2680 849 2742 quo
886 2660 994 2742 plures

52 2709 243 2812 dificultates
259 2753 426 2850 superant,
449 2771 512 2832 quo
527 2749 683 2812 dimicant
701 2748 818 2832 acrius,
840 2767 878 2812 eo
896 2746 995 2810 maio·

51 2833 129 2898 ribus
154 2837 306 2921 praemiis
331 2838 503 2922 ornentur,
535 2858 573 2902 eo
605 2838 713 2921 plures
746 2853 882 2901 coronas
915 2834 995 2898 acci-

51 2921 144 3006 piant,
179 2947 216 2990 eo
255 2925 409 2990 maiorem
444 2926 480 2990 in
513 2926 601 2990 omni
634 2925 824 2990 aeternitate
858 2922 996 3006 gloriam

51 3018 287 3096 consequantur.
499 3063 502 3067 ,

111 3099 192 3166 Haec
214 3103 316 3188 igitur
342 3104 391 3168 vir
419 3103 473 3168 ille
502 3103 738 3186 sanctissimus,
766 3121 834 3165 non
875 3102 912 3162 ut
935 3119 995 3184 ego

49 3207 142 3271 nuuc,
167 3191 255 3256 arido
280 3195 313 3254 et
335 3192 457 3256 inculto
481 3191 608 3256 dicendi
631 3211 761 3276 genere,
789 3149 848 3253 seri
873 3193 997 3271 ornato,

50 3276 220 3362 splendido,
249 3279 386 3364 efficaci,
415 3301 526 3362 aureo,
556 3280 692 3381 denique
715 3279 771 3342 illo
795 3278 997 3361 eloquentiae

50 3362 186 3450 flumine,
216 3367 302 3451 quod
331 3368 361 3432 ei
389 3365 544 3452 Chrysost
545 3368 610 3433 omi
641 3388 761 3432 nomen
792 3366 997 3430 meritissimo

7 3543 8 3604 Ῠ
100 3556 128 3624 *)
145 3573 199 3628 cap.
220 3565 244 3614 5.
