2326 3942
355 225 490 282 ORATIO
509 225 609 281 XVIII.
897 228 959 293 181

34 375 137 437 nmtros
157 370 336 454 impediret,
364 371 450 454 quod
472 368 575 435 multo
600 371 709 436 durior
732 393 770 436 ac
798 371 962 439 difficilior

33 463 98 526 esset
112 462 219 524 nostra
241 481 336 543 quam
359 464 504 524 vetorum
526 459 679 526 conditio.
705 458 758 525 Illi
777 461 863 526 enim
885 483 961 528 eum

34 567 199 632 sermonem,
235 569 297 632 quo
329 547 365 613 in
401 548 560 614 discendis
591 548 832 633 tractandisque
864 550 960 615 bonis

32 637 129 702 artibus
155 637 243 702 usuri
269 640 389 721 essent,
416 659 436 702 a
462 636 642 703 nutricibus
666 657 739 702 cum
765 638 848 702 lacte
871 637 962 703 bibe-

32 727 102 810 bant,
121 747 140 789 a
160 726 280 810 populo
303 725 545 811 condisoebant,
567 747 672 810 neque
700 729 757 790 aut
778 725 957 790 Athenien-

32 815 109 899 sibus,
125 817 160 878 ut
177 813 299 900 Attice,
317 819 374 880 aut
391 814 560 900 Romanis,
577 818 615 880 ut
628 813 774 880 Romane
792 815 961 898 loqueren-

32 905 79 986 tur,
98 902 287 988 sudandum,
314 925 419 988 neque
442 909 499 970 aut
522 903 711 970 consulendi
733 903 881 990 magistri
904 907 962 968 aut

32 992 84 1056 libi
101 992 325 1076 pervolutandi
348 997 449 1058 erant.
476 993 507 1058 A
529 994 647 1078 poetis,
670 1013 807 1075 quorum
822 993 961 1058 lectione

32 1081 134 1164 puerilis
165 1084 256 1146 aetas
287 1082 442 1147 oblectari
469 1084 503 1146 et
530 1082 571 1147 ad
598 1081 833 1146 humanitatem
860 1081 961 1146 infor

32 1170 90 1234 uari
116 1170 254 1255 solebat,
282 1175 315 1235 et
340 1172 376 1235 in
409 1161 524 1255 quibds
556 1169 807 1255 interpretandis
834 1170 961 1236 nullum

32 1257 78 1322 lere
103 1259 187 1324 aliud
219 1260 504 1344 grammaticorum
535 1279 654 1325 munus
685 1262 769 1343 erat,
800 1279 897 1342 quam
924 1261 962 1322 ut

33 1346 132 1412 fabulas
152 1349 353 1432 explicarent
375 1352 408 1414 et
430 1349 568 1433 aliquae,
595 1347 623 1413 si
649 1347 747 1432 forte,
773 1347 961 1432 peregrinas

33 1453 113 1520 voces,
138 1457 219 1521 quas
248 1435 296 1502 illi
319 1440 444 1521 glossas
467 1437 640 1521 vocabant,
668 1439 701 1500 et
722 1435 885 1500 interdum
908 1455 961 1520 ge·

32 1543 87 1588 nera
110 1525 268 1610 quaedam
296 1526 421 1591 dicendi
444 1525 643 1592 abstrusiora
670 1528 703 1588 et
725 1546 745 1588 a
766 1524 894 1609 uulgari
915 1525 962 1588 lo-

32 1613 122 1694 quendi
151 1615 387 1680 consuetudine
418 1615 592 1680 remotiora
622 1613 814 1679 indicarent:
847 1613 887 1678 ab
916 1613 962 1678 eis

31 1701 117 1787 igitur,
136 1707 238 1787 prout
261 1703 413 1789 cuiusque
435 1703 602 1790 ingenium
630 1706 686 1768 aut
707 1702 859 1768 voluntas
881 1701 962 1766 fere·

31 1788 81 1874 bat,
106 1795 160 1856 aut
193 1793 236 1857 ad
268 1793 417 1877 politicos
444 1793 510 1858 sive
537 1792 682 1857 rhetores
714 1791 965 1874 deducebantur,
1046 1845 1050 1854 .

32 1883 71 1942 aut
91 1880 204 1946 imbuti
231 1882 321 1966 prius
347 1881 583 1948 mathematicis
616 1879 792 1963 disciplinis
825 1878 866 1942 ad
898 1877 964 1958 dia,-

32 1967 132 2034 lecticos
154 1972 189 2034 et
213 1969 256 2034 ad
278 1970 428 2056 physicos
452 1992 520 2036 sese
548 1969 769 2054 applicabant,
792 1970 824 2030 et
849 1965 962 2030 verbo-

31 2076 180 2124 rancura
207 2059 303 2124 liberi
331 2081 368 2124 ac
391 2060 502 2144 soluti,
529 2058 570 2123 ad
597 2079 649 2122 res
676 2056 773 2121 modo
800 2055 888 2138 ipsas
916 2055 965 2118 in·

32 2145 198 2232 telligendas
226 2169 265 2212 ac
297 2148 509 2232 pervidendas
542 2167 671 2212 omnem
701 2143 895 2208 industriam
927 2162 965 2206 ac

33 2232 208 2320 diligentiam
235 2237 454 2302 conferebant.
495 2234 557 2312 Qui
589 2233 806 2319 eloquentiam
837 2231 965 2296 adama-

32 2327 95 2407 rat,
118 2325 158 2390 iis
186 2324 331 2410 theatra,
358 2326 397 2390 iis
423 2326 545 2408 forum,
571 2324 611 2389 iis
639 2319 727 2388 curia
753 2343 812 2405 pro
841 2320 966 2403 schola3

33 2412 70 2490 qui
88 2433 215 2478 caussas
239 2414 357 2479 diserte
379 2414 535 2499 agebant,
557 2413 613 2496 qui
635 2413 677 2477 ad
698 2411 855 2497 populum
868 2408 967 2473 verba

33 2495 181 2586 iaciebant,
206 2503 263 2586 qui
286 2503 480 2568 sententiam
503 2502 541 2566 de
565 2501 702 2586 publicis
725 2499 865 2584 negotiis
884 2497 968 2562 dice·

34 2584 101 2673 baut,
125 2611 186 2674 pro
215 2591 381 2676 magistris
413 2594 519 2674 eraut3
549 2611 652 2656 unum
683 2589 823 2671 aliquem
854 2608 894 2652 ex
921 2585 969 2650 eis

33 2670 208 2763 deligebant,
231 2699 327 2763 quem
343 2679 500 2764 colerent,
523 2701 619 2762 quem
642 2679 854 2760 sectarentur,
877 2675 967 2738 euius

33 2762 61 2826 ad
78 2768 255 2852 exemplum
278 2789 312 2832 se
335 2768 590 2852 conformarent,
617 2767 707 2831 cuius
736 2762 970 2829 consuetudine

34 2854 56 2912 ct
83 2853 263 2921 disertiores
299 2857 414 2922 fierent
454 2861 488 2920 et
524 2855 744 2940 sapientiores.
793 2851 863 2918 Nos
900 2871 968 2914 non

33 2960 119 3027 onam,
149 2944 209 3010 sed
236 2944 317 3010 duas
348 2945 536 3031 peregrinas
567 2943 696 3030 linguas
729 2942 850 3006 discere
882 2938 972 3022 cogi·

37 3047 97 3114 nur,
119 3053 227 3117 neque
255 3034 442 3120 peregrinas
465 3033 575 3117 modo,
603 3033 659 3096 sed
681 3033 747 3096 iam
769 3028 894 3113 pridem
917 3047 972 3090 ex·

34 3116 143 3186 stinctas
171 3121 411 3206 quodammodo
439 3143 477 3186 ao
505 3122 657 3206 sepultas.
692 3117 779 3184 Nam
806 3117 834 3180 si
861 3115 970 3200 aliqua

35 3205 102 3291 urbs,
122 3213 180 3274 aut
204 3210 313 3294 aliqua
336 3231 416 3296 gens
440 3214 537 3294 esset,
559 3211 595 3273 iu
618 3231 682 3292 qua
704 3207 802 3293 vulgo
821 3205 970 3272 homines

35 3287 129 3362 Graece
150 3297 309 3364 Latinave
331 3301 553 3383 loquerentur,
575 3297 775 3362 mitteremus
794 3316 833 3362 eo
853 3315 971 3379 pueros

34 3388 151 3471 noeros,
186 3389 239 3471 ut,
274 3409 348 3452 cum
384 3409 403 3452 a
438 3387 558 3452 teneris
594 3385 778 3471 unguiculis
797 3407 798 3410 ¹
815 3382 971 3448 sermonis

12 3486 107 3564 *usum
137 3474 381 3560 combibissent,
418 3474 639 3561 grandiusculi
676 3473 714 3537 de
746 3473 842 3536 rebus
875 3469 971 3533 modo

12 3561 93 3652 ¹ipsis
114 3565 305 3649 cogitarent.
340 3563 436 3630 Nunc
459 3565 555 3630 nobis
579 3562 699 3627 diutius
721 3559 911 3628 luctandum
934 3575 977 3619 ac.
