2360 3944
206 215 248 278 74
566 210 702 268 ORATIO
721 211 795 266 VIII.

203 359 254 424 bia
277 359 384 424 deero:
408 357 542 440 docebo,
565 355 744 422 admonebo
772 356 917 440 instabo,
943 357 1072 442 urgebo,
1095 378 1134 420 ex-

203 447 324 531 citabo,
346 467 581 530 nonnunquam
603 445 715 528 etiam,
737 445 765 510 ei
787 467 838 510 res
861 445 908 510 ita
926 445 1134 530 posceremde-

202 537 303 619 bItur,
322 535 501 620 obiurgabo
516 538 611 618 atquc
632 533 815 617 increpabo.
842 531 951 600 Nolite
966 537 1135 618 exspectare,

203 624 281 690 dum
302 624 394 690 vobis
418 623 537 689 adulor.
558 620 787 688 ¹Contemnere
809 643 880 706 voa,
903 622 932 686 ai
953 643 1009 689 vos
1031 622 1134 688 licum

202 713 425 778 contemnetis.
462 710 519 777 Sin
533 733 587 776 eas
610 710 774 794 amabitis,
796 713 829 776 et
853 710 969 775 amabo
991 711 1056 794 ipse
1069 731 1135 773 com·

203 803 300 867 moda
322 805 430 866 vestra
452 823 490 866 ex
513 801 634 883 animo,
650 799 694 864 'et
716 802 754 866 ut
776 820 833 866 voa
856 819 907 862 me
930 799 1067 866 vicissim
1086 820 1135 862 me·

203 891 267 954 rito
291 891 417 972 ametis,
440 910 571 972 operam
594 888 687 954 dabo.
724 886 802 970 Sed,
821 890 859 954 ut
877 887 941 953 diei
958 889 1136 971 tempusa,

203 979 324 1044 diutius
339 977 502 1043 detinendi
516 999 583 1043 non
598 977 687 1042 estis.
710 973 893 1042 Secundum
905 975 1024 1042 librum
1038 975 1136 1040 Tuscu·

202 1068 351 1132 lanarum
379 1066 634 1149 disputationum
663 1065 820 1150 explicare
849 1063 984 1130 decrevi.
1024 1061 1094 1129 Cras
1112 1063 1136 1126 id

202 1155 308 1218 facere
330 1153 491 1237 incipiam.
527 1154 685 1220 Polliceor
708 1157 816 1220 autem
838 1153 944 1236 vebia,
969 1153 1023 1236 qui
1040 1173 1085 1220 me
1101 1155 1137 1216 at·

202 1246 292 1308 tente
320 1243 464 1327 audient,
491 1246 677 1310 curaturum
703 1263 767 1327 me,
798 1244 836 1308 ut
863 1241 909 1309 eia
937 1263 1053 1326 operae
1076 1261 1136 1305 cuae

202 1332 287 1397 ratio
312 1335 446 1397 constet.
469 1346 556 1396 Dm.

607 1523 766 1534 ...αι-..-

202 1724 254 1782 nn
277 1723 491 1784 uomicam
513 1691 786 1783 mouummrn
804 1721 856 1786 Au
877 1721 1137 1784 econamum

546 1829 816 1889 LITTERARUM.

494 1983 709 2067 ORATIO
745 1984 863 2068 VIII.

268 2160 386 2202 HABITA
399 2159 505 2202 ROMAE
519 2159 569 2200 XV.
583 2157 653 2200 m.
667 2157 819 2200 NOVEMBR.
832 2157 917 2199 Anno
930 2158 1083 2199 MDLXXIIL

269 2299 350 2366 Cum
358 2301 1139 2385 mihiasummisviris,quorumauctoritateatque

200 2390 335 2474 imperio
348 2393 460 2455 nostra
475 2389 618 2455 omnium
632 2389 738 2455 studia
752 2389 948 2474 diriguntur,
967 2390 1140 2456 mandatum

200 2483 298 2563 esset,
317 2483 354 2544 ut
366 2479 522 2544 hodierno
537 2478 601 2562 die,
621 2501 697 2562 quo,
716 2481 753 2542 ut
767 2478 868 2562 scitia,
885 2499 974 2544 more
988 2479 1140 2556 maiorum,

201 2571 312 2632 noster
325 2567 379 2634 hic
393 2569 485 2652 quasi
493 2566 661 2634 Musarum
670 2566 826 2634 exercitus
841 2567 1016 2651 quotannis
1025 2563 1141 2632 lustrari

200 2657 297 2740 solet,
328 2657 366 2721 de
399 2657 598 2740 praestantia
624 2657 804 2723 litterarum
831 2659 864 2722 et
891 2677 1001 2722 earmn
1029 2655 1142 2734 artium,

201 2767 282 2828 quae
310 2745 426 2810 litteris
454 2746 674 2829 continentur,
706 2743 827 2828 aliquid
854 2744 982 2827 publice
1009 2745 1141 2822 dicerem,

200 2855 263 2918 quo
286 2834 439 2900 iuvenum
462 2835 561 2900 animi
580 2833 620 2898 ad
639 2855 749 2898 carum
768 2853 910 2897 amorem
929 2833 1141 2901 incitarentur:

200 2922 287 3008 quod
304 2923 394 3007 priua
412 2923 517 2988 facere
536 2923 720 3006 debueram,
739 2921 795 2986 sed
812 2922 996 2988 inconsulto
1015 2921 1143 3006 quodam

200 3013 398 3097 obsequendi
416 3012 522 3080 studio
542 3013 693 3096 abreptus
712 3031 780 3078 non
797 3010 950 3096 feceram,
970 3012 1060 3094 coepi
1079 3028 1142 3074 one

199 3101 243 3164 ris
271 3102 411 3187 suscepti
438 3101 695 3186 magnitudinem
722 3120 795 3164 cum
821 3099 943 3164 viribus
965 3101 1044 3164 meis
1067 3095 1142 3162 solli·

200 3187 262 3251 cite
286 3211 480 3274 comparare.
517 3188 624 3273 Atque
647 3188 810 3254 interdum
832 3188 961 3271 quidem
988 3185 1143 3253 iteratio

200 3275 346 3360 cinabar,
368 3281 405 3342 ut
427 3278 507 3344 mihi
529 3278 611 3344 nihil
634 3277 769 3342 arduum
793 3280 850 3342 aut
873 3275 1001 3343 difficile
1024 3271 1143 3358 imposi-

199 3365 270 3427 tum
285 3362 454 3428 crederem.
485 3363 584 3448 Nam,
599 3369 635 3429 ut
654 3363 837 3450 Cyrenaeus
851 3362 984 3451 poetar)
999 3363 1091 3428 facile
1105 3360 1145 3424 ait

253 3557 278 3625 *)
298 3552 484 3610 Callimachus
502 3554 529 3608 h.
549 3555 580 3608 in
597 3555 689 3624 Apoll.
709 3561 752 3610 31.
