2326 3942
354 213 563 270 PRAEFATIO
583 213 617 268 V.
898 211 966 276 213
1081 226 1085 236 ’

37 359 149 444 mmum,
170 359 224 444 qui
246 359 327 424 meis
350 359 525 424 luminibus
549 358 731 443 obstruant,
753 358 804 422 vel
827 358 965 423 malevo-

36 450 130 532 lorum,
161 449 214 534 qui
241 470 370 514 omnem
396 448 506 514 iudicii
532 447 659 512 laudem
685 447 721 512 in
746 445 965 532 vituperandis

36 538 251 620 dispositam
282 540 410 622 putent,
441 540 479 600 ut
509 536 706 601 iudicaturus
734 535 808 620 sim,
839 556 965 604 mecum

34 627 167 709 praeclare
199 630 320 710 actum,
353 626 380 690 si
407 625 454 690 ita
481 645 606 690 caream
633 624 753 710 gloriae
778 624 898 708 fructu,
929 627 966 688 ut

35 735 64 778 re
86 715 329 780 obtrectatorum
356 715 485 799 quidem
516 714 643 779 aculeos
672 713 817 778 sentiam.
861 673 965 796 N'una

36 803 137 886 quando
159 803 197 868 de
215 807 359 906 ‘quatuor
381 802 576 870 Ciceronis
565 823 600 866 111
621 800 794 868 Catilinam
813 801 965 866 orationi-

35 892 79 954 bus
106 892 180 956 duas
212 891 416 976 interpretati
448 913 572 977 sumus,
606 891 679 976 pari
714 890 794 955 duas
824 889 965 976 reliquas

36 980 118 1048 studio
138 1002 375 1068 persequemur.

419 1122 567 1134 wau-..—

461 1244 502 1312 v.

221 1385 267 1456 rr.
290 1386 514 1455 iuremus
539 1384 750 1454 umarus
883 1355 886 1363 ’

465 1545 511 1595 ΔΙ)
625 1575 630 1583 -

116 1673 285 1738 uuuuuu
307 1674 557 1738 nuouuanuu
579 1665 861 1754 mecanicum).

84 1827 112 1893 si
132 1831 285 1914 praemiis
307 1835 449 1918 tantum,
476 1831 653 1916 Mocenice,
681 1831 749 1895 et
739 1831 780 1895 ris
807 1827 968 1913 praemiis,
1073 1897 1080 1915 x

36 1913 190 2020 inquibus
229 1921 435 2007 praeeipuam
470 1921 633 1984 felicitatis
669 1923 795 2003 partem
825 1916 968 2001 uulgaris

37 2005 120 2086 opinio
145 2009 329 2093 constituit,
357 2011 398 2074 ad
424 2010 506 2073 bene
538 2008 725 2073 merendum
756 2008 794 2071 de
826 2007 968 2070 humano

37 2111 126 2174 genere
159 2098 342 2200 praestanti
376 2099 524 2163 homines
558 2097 691 2184 ingenio
729 2095 969 2177 adducerentur,

37 2183 142 2280 nultos,
172 2190 214 2250 ut
245 2186 372 2270 opinor,
404 2191 437 2252 et
469 2191 553 2252 certe
585 2187 626 2251 ab
658 2185 807 2250 instituto
839 2183 968 2248 virtutis

38 2267 125 2337 itinere
155 2274 380 2340 animadversa
416 2277 618 2359 superiorum
650 2278 792 2338 aetatum
824 2273 970 2356 exempla

37 2368 207 2428 revocarent.
243 2361 378 2428 Nam
353 2387 380 2429 s1
402 2365 555 2448 replicare
577 2363 765 2430 memoriam
788 2366 970 2444 temporum

38 2449 271 2537 cautiquieatis
293 2458 503 2518 monumenta
526 2456 672 2518 excutere
690 2452 838 2534 velimus,
861 2451 970 2534 depre-

37 2531 201 2624 hendemus,
233 2563 426 2627 unaquaque
452 2543 488 2606 in
513 2543 677 2626 republica
704 2563 758 2606 eos
785 2502 865 2624 fede,
893 2559 971 2624 quo-

37 2643 90 2688 rum
116 2591 296 2712 plurima
286 2651 321 2693 1n
353 2652 424 2694 eam
456 2631 610 2695 extabant
641 2630 844 2714 maximaque
875 2629 971 2692 bene-

38 2709 100 2798 ficia,
121 2718 210 2782 omni
228 2719 344 2782 scelere
362 2721 531 2803 laceratos,
554 2742 643 2784 omnr
634 2719 846 2784 crudelitate
864 2720 970 2799 rapta·

38 2803 85 2884 los
107 2808 193 2871 omni
217 2808 381 2871 acerbitat
358 2812 400 2872 trs
424 2829 539 2893 genere
558 2809 722 2872 divexatos
739 2807 847 2872 fuisse.
879 2804 972 2880 Quod

39 2895 158 2969 quamvis
181 2896 229 2960 ita
256 2897 456 2979 exploratum
483 2901 587 2961 estet
612 2897 673 2962 tibi
695 2896 771 2961 et'‘
750 2919 789 2960 ns
813 2897 973 2976 omnibus,

39 2980 79 3060 qui
101 3005 212 3067 operae
245 2985 406 3069 aliquid
396 3007 432 3049 m
464 2986 604 3070 antiquit
606 2986 667 3050 atis
699 2985 883 3069 cognitione
914 3004 972 3068 po·

40 3076 160 3163 suerunt,
186 3073 240 3138 vix
263 3078 300 3137 ut
322 3075 574 3139 confirmationis
597 3074 753 3159 indigeat
775 3077 899 3158 tamen,
926 3076 973 3158 ut,

40 3153 59 3214 11
74 3179 128 3240 qua
145 3182 214 3226 esse
231 3165 352 3246 potest,
371 3163 528 3228 dubitatio
548 3164 705 3227 eximatur
709 3162 871 3264 ‚aliquot‚
891 3184 973 3249 quae

40 3243 100 3308 mihi
127 3270 211 3314 nunc
243 3251 278 3315 in
311 3255 452 3316 mentem
484 3253 630 3337 veniunt,
661 3213 800 3316 illristria
826 3252 894 3316 eius
926 3252 974 3316 rei

40 3337 162 3420 exemplo
184 3339 359 3404 subiiciam.

41 3491 105 3620 quari
118 3492 255 3552 Praefatio
283 3497 327 3552 est
348 3498 542 3554 commentarii
565 3498 596 3552 in
624 3497 810 3554 catilinariam
833 3496 978 3552 Ciceronis

106 3579 156 3620 arn,
