2330 3944
384 216 518 274 ORATIO
538 215 611 271 XIV.
911 213 975 281 137

44 366 140 447 valeat,
173 362 385 447 Bacchylides
422 366 490 427 arte
527 360 682 426 subnixus
717 364 837 426 temere
875 363 979 428 multa

43 451 210 537 profundat3
230 453 338 535 itaque
357 453 485 515 tantum
503 451 659 514 interesse
677 449 762 514 inter
783 469 817 514 se
832 453 864 514 et
877 449 979 534 illum,

44 545 177 625 quantum
199 540 285 604 inter
303 539 444 623 aquilam
462 542 495 603 et
516 559 644 621 corvos,
667 538 832 622 gloriatur.
864 536 978 622 Neque

44 634 86 693 sut
100 650 188 693 mous
202 629 256 692 ille
276 628 394 712 duplici
412 628 530 692 vertice
549 625 688 710 insignis
707 629 764 690 aut
780 626 871 709 fons,
888 628 979 692 cuius

44 718 139 782 haustu
161 721 274 801 poetas
297 717 367 781 fieri
389 716 493 798 aiunt,
516 714 691 799 quidquam
716 713 802 778 uliud
825 714 980 799 indicant,

44 828 119 890 quam
139 827 194 870 eos
213 827 281 870 non
300 807 368 876 arte
387 808 420 869 et
441 803 613 888 industria,
628 802 692 876 ‚sed
710 801 819 867 divino
840 803 980 887 quodam

45 895 136 978 spiritu
168 897 202 958 et
232 894 389 959 instinctu
421 893 536 957 valere.
580 889 626 956 Et
655 893 739 956 certe
771 891 980 973 praestantis-

45 984 99 1046 simi
126 985 306 1066 poiitarum,
338 980 499 1065 Orpheus,
530 979 645 1063 Linus,
677 978 829 1044 Musaeus
862 983 894 1043 et
926 979 981 1043 ille

45 1071 165 1134 omnium
209 1092 327 1155 parens
371 1069 533 1135 Homerus
573 1067 683 1133 multis
725 1071 800 1132 ante
846 1067 981 1132 saeculis

46 1160 209 1244 extiterunt,
246 1180 343 1243 quam
378 1159 446 1223 ulla
477 1160 649 1242 praecepta
685 1156 827 1239 poitioes
858 1155 982 1220 tradita

46 1251 141 1312 esseut.

96 1335 152 1401 Sed
178 1339 290 1400 tamen
318 1335 345 1401 si
371 1338 507 1400 11111111
534 1337 663 1399 tantum
691 1335 724 1397 et
751 1333 887 1418 ingenii,
914 1353 982 1397 non

47 1425 107 1488 artis
140 1427 172 1488 et
207 1424 385 1488 industriae
421 1422 549 1508 po'e'tica
585 1425 647 1504 est,
684 1420 760 1504 quid
797 1424 859 1503 est,
896 1420 982 1503 quod

48 1533 167 1578 summus
204 1513 432 1597 philosophus,
473 1510 664 1576 Aristoteles
705 1509 805 1573 libros
841 1512 907 1572 tres
943 1507 983 1571 de

46 1605 96 1665 orte
120 1601 247 1686 po'e'tica
276 1600 425 1685 scripsit?
454 1598 540 1684 quod
568 1597 683 1682 optimi
712 1600 826 1682 politae
853 1595 983 1661 Horatii

46 1690 149 1754 libellus
173 1690 212 1754 de
236 1689 349 1754 eodem
371 1690 562 1774 argumento
584 1687 722 1770 scriptus
740 1685 890 1750 manibus
908 1685 983 1748 teri·

46 1779 101 1841 tur?
127 1778 226 1862 quod,
253 1781 290 1842 ut
319 1781 511 1860 ceterarum,
537 1776 584 1841 ita
610 1775 706 1842 huius
734 1796 860 1858 quoque
883 1773 983 1838 facul-

46 1867 104 1929 tatis
128 1869 300 1952 praecepta
322 1866 464 1950 quotidie
488 1865 528 1929 ab
550 1863 736 1928 hominibus
761 1861 984 1927 eruditissimis

48 1975 148 2020 summo
163 1955 270 2020 studio
289 1955 423 2020 tractari
442 1951 608 2017 videmus?
636 1951 690 2015 An
708 1950 787 2014 illud
806 1949 911 2013 verius
927 1952 984 2032 est,

11 2083 13 2134 q
48 2044 282 2128 discretore,
305 2043 351 2107 sic
373 2043 408 2106 in
430 2045 539 2126 potita,
563 2040 618 2124 qui
642 2039 762 2104 oratori
780 2037 887 2102 affinis
907 2059 984 2120 quo·

11 2143 13 2152 ’
49 2129 194 2196 dammodo
223 2135 257 2195 et
282 2131 318 2196 in
341 2130 488 2195 dissimili
511 2149 628 2214 genere
651 2127 832 2192 simillimus
862 2128 923 2209 est,
953 2128 986 2188 et

47 2223 158 2284 naturae
186 2223 284 2303 utque
306 2219 430 2306 ingenii
458 2215 690 2302 praestantiam
713 2218 746 2279 et
769 2217 871 2278 artem
893 2233 985 2297 prae·

47 2309 115 2371 terea
135 2309 298 2392 quandam
322 2329 359 2372 ac
382 2310 626 2392 praeceptorum
657 2303 915 2368 observationem
937 2322 984 2365 re-

47 2395 131 2476 quiri?
170 2396 224 2461 Ite
252 2396 381 2481 quidem
410 2398 495 2460 certo
524 2394 624 2459 sentit
651 2389 863 2478 Horatius*)‚
896 2390 986 2454 cuius

11 2515 12 2520 1
46 2482 87 2547 illa
108 2489 197 2550 sunt:

11 2599 12 2610 ¹
99 2604 211 2660 Natura
228 2605 304 2672 fieret
322 2603 461 2660 laudabile
479 2619 604 2668 1011110,
623 2617 661 2656 au
679 2605 747 2666 crte,

102 2675 259 2744 Quaesitum
277 2681 322 2730 est.
350 2673 414 2743 Euo
431 2690 480 2729 uec
498 2674 621 2728 studium
639 2673 697 2726 sinc
716 2669 801 2725 divite
818 2685 902 2735 01110,

100 2745 156 2801 Neo
172 2747 242 2802 rude
259 2746 327 2816 quid
340 2746 432 2814 prosit
448 2745 525 2800 uideo
542 2743 683 2812 inueniam
687 2761 698 2808 ;
717 2741 832 2796 alterius
849 2740 889 2794 sio

11 2847 12 2906 q
101 2817 194 2874 Altero
207 2817 299 2888 poscit
317 2831 392 2886 010111
410 2831 453 2870 rec
472 2821 497 2870 et
515 2816 643 2870 coniurat
661 2813 754 2886 amice.

11 2909 12 2994 1
46 2919 211 2992 Fatendum
232 2929 344 2990 tamen
365 2923 514 2989 fortassis
537 2925 599 3006 est,
622 2922 694 3006 plus
717 2920 753 2984 in
779 2921 875 3003 polita
898 2916 987 2999 inge·

11 2999 12 3080 1
46 3010 132 3096 nium,
162 3015 235 3098 plus
267 3015 303 3078 in
334 3015 462 3079 oratore
495 3009 688 3076 iudustriam
715 3027 818 3092 posse.
862 3001 924 3068 Sed
951 3006 989 3067 ut

11 3083 12 3170 1
47 3097 154 3182 physici
173 3103 265 3167 aiunt
287 3123 338 3166 res
358 3122 375 3165 e
394 3100 504 3164 multis
523 3120 560 3164 ac
579 3097 713 3162 diversis
732 3092 898 3159 elementis
913 3111 988 3158 con-

11 3175 13 3274 1
48 3184 125 3253 latas
143 3194 237 3274 atque
256 3193 423 3256 concretas
442 3210 480 3252 ex
499 3209 537 3252 eo
556 3184 730 3267 nominari,
751 3181 836 3267 quod
858 3181 894 3245 in
912 3201 988 3265 qua-

11 3331 13 3406 l
50 3279 312 3432 illutus
335 3279 527 3431 iiiiiies
545 3275 616 3428 llil
630 3269 989 3440 uqsiinuqaqqqff

11 3447 13 3504 ᾗ
322 3390 343 3451 P
521 3386 541 3448 1³
645 3383 666 3446 <l
738 3382 759 3444 ‘l
827 3382 848 3443 P

11 3513 13 3570 i
94 3557 116 3624 *l
134 3557 165 3611 A.
182 3559 211 3612 P.
232 3564 294 3614 408.
314 3577 374 3628 sqq.

11 3701 13 3780 l
