2326 3942
181 236 245 300 190
543 236 680 292 ORATIO
698 235 772 291 XIX.

178 382 268 446 verit.
335 381 498 465 Principio
520 381 622 466 igitur
643 380 786 466 positum
810 379 866 463 sit,
890 377 1031 445 Graecae
1053 379 1140 446 Lati·

178 491 302 554 naeque
329 471 458 556 linguae
485 469 703 554 cognitionem
730 470 981 534 instrumentum
1009 491 1082 534 esee
1104 472 1142 534 ad

177 559 355 644 parandam
387 558 549 623 doctrinae
581 559 707 642 copiam
742 558 804 622 hoc
836 558 965 642 quidem
995 561 1142 642 tempore

177 647 275 730 plane
297 647 521 712 necessarium.
557 645 602 711 Id‘
619 647 675 732 qui
694 649 831 730 negant,
853 651 911 710 aut
933 646 1010 732 quid
1032 668 1142 712 verum

179 735 222 800 sit
247 757 315 800 non
341 736 466 820 vident,
497 739 553 799 aut
580 735 794 800 contendendi
822 735 929 800 studio
956 735 991 799 in
1020 757 1140 820 oppug-

177 824 286 890 nando
300 846 352 910 eo,
375 824 460 910 quod
473 845 584 888 verum
598 827 661 909 cst,
685 827 847 889 ostentare
869 823 993 908 ingenii
1008 846 1143 890 acumen

177 913 300 980 volunt.

246 1000 350 1076 Quare
381 1022 461 1085 puer
490 1001 533 1086 is,
565 1023 660 1087 quem
691 1001 867 1066 informare
894 1023 931 1066 ac
963 1000 1143 1068 describere

179 1089 334 1174 ordimur,
354 1089 507 1176 ,honesto
538 1090 609 1155 loco
641 1093 751 1174 natus,
787 1087 922 1154 modicis
945 1090 1065 1173 opibus
1098 1091 1143 1154 in-

179 1180 332 1262 structus,
355 1198 393 1243 ea
406 1179 549 1262 corporis
561 1179 727 1263 firmitate,
749 1182 787 1242 ut
803 1178 983 1243 studiorum
996 1179 1143 1244 laborem

177 1265 318 1351 perferre
349 1267 467 1352 possit,
498 1267 628 1353 ingenio
660 1289 764 1351 neque
797 1268 919 1351 agresti
950 1271 983 1331 et
1004 1267 1143 1352 hispido,

178 1373 238 1419 nec
259 1355 350 1421 molli
377 1359 410 1419 et
436 1355 634 1440 effeminato,
662 1355 718 1420 sed
745 1355 887 1440 eleganti
914 1359 947 1420 et
973 1356 1016 1420 ad
1043 1355 1142 1420 hone-

180 1446 296 1510 statem
319 1465 480 1529 propenso
494 1445 670 1528 praeditus,
686 1447 822 1508 sextum
836 1444 952 1508 aetatis
975 1444 1142 1528 ingressus

179 1553 300 1597 annum
318 1532 511 1597 Graecarum
533 1532 785 1617 Latinarumque
807 1532 996 1597 litterarum
1012 1533 1142 1614 formas,

177 1621 323 1703 nomina,
350 1624 543 1703 potestatem
566 1643 624 1704 per
649 1622 761 1686 ludum
783 1621 952 1706 iocumque
976 1621 1144 1685 condiscat

180 1712 226 1789 et,
252 1712 289 1770 ut
310 1708 344 1771 id
366 1709 518 1772 libentius
546 1709 656 1792 faciat,
683 1731 751 1774 non
773 1712 863 1774 metu
886 1731 923 1774 ac
944 1709 1144 1793 verberibus,

180 1795 236 1859 sed
261 1797 459 1880 praemiolis,
487 1796 602 1881 quibus
631 1801 720 1863 aetas
746 1798 804 1862 illa
831 1798 903 1882 capi
930 1798 1026 1882 solet,
1054 1799 1144 1867 iden-

178 1883 278 1948 tidem
302 1885 464 1950 excitetur.
509 1883 575 1949 Ubi
598 1907 718 1950 annum
745 1887 780 1950 in
803 1907 841 1951 eo
864 1886 1023 1970 posuerit,
1050 1892 1145 1951 utet

180 1972 300 2040 Graece
323 1978 356 2039 et
382 1973 497 2038 Latine
520 1975 599 2039 satis
626 1975 719 2066 facile
747 1979 843 2060 atque
871 1975 1018 2058 expedite
1045 1977 1145 2060 legat,

178 2062 244 2126 iam
258 2064 396 2148 septimo
418 2062 531 2148 primis
553 2063 617 2127 illi·
634 2064 835 2148 maximeque
849 2061 1162 2129 Grammaticorum

178 2151 345 2236 utriusque
374 2152 504 2236 linguae
531 2153 709 2236 praeceptis
740 2152 917 2236 imbuatur,
947 2153 1086 2216 nomina
1114 2162 1146 2216 et

179 2240 277 2302 verba
298 2240 424 2304 flectere
447 2261 483 2304 ae
505 2241 628 2304 variare
651 2245 684 2305 et
709 2240 795 2304 inter
818 2262 851 2305 se
875 2241 943 2304 sinc
962 2241 1042 2306 vitio
1069 2265 1145 2306 con-

178 2327 312 2410 iungere
339 2349 376 2391 ac
404 2328 553 2411 copulare
580 2330 691 2394 discat.
740 2327 826 2393 Huic
852 2330 910 2393 uni
939 2329 987 2392 rei
1019 2351 1145 2395 annum

180 2415 352 2498 septimum
374 2416 473 2480 tribui
488 2417 593 2482 velim.
630 2417 751 2482 Octavo
773 2417 909 2501 incipiat
929 2417 995 2481 iam
1019 2420 1161 2504 aliquidi

180 2504 302 2586 audire,
325 2503 446 2588 aliquid
468 2506 587 2590 legere,
609 2506 705 2591 idque
729 2507 898 2590 eiusmodi,
920 2511 959 2570 ut
971 2507 1060 2571 etad
1080 2510 1145 2571 for-

179 2591 314 2656 mandos
345 2614 450 2657 mores
482 2614 549 2659 non
584 2594 666 2658 nihil
698 2595 842 2659 conferat
873 2599 906 2660 et
941 2595 1146 2680 voluptatem

71 2677 73 2682 ’
178 2681 287 2764 potius
309 2680 446 2767 adferat,
474 2705 570 2768 quam
592 2703 743 2768 magnam
765 2684 864 2748 ullam
886 2683 987 2748 animi
1009 2689 1146 2749 conten-

178 2770 301 2834 tionem
323 2771 474 2856 requirat.
518 2771 559 2836 In
584 2771 646 2836 hoo
674 2793 789 2856 genere
816 2773 902 2856 apud
925 2771 1066 2838 Graecos
1090 2795 1147 2836 ex-

179 2859 300 2923 cellunt
312 2858 434 2944 Aesopi
456 2860 582 2925 fabulae
597 2863 630 2924 et
647 2859 830 2944 Phoeylidis
849 2861 999 2926 carmina.
1030 2859 1147 2926 Latini

178 2948 293 3013 talium
307 2948 499 3032 scriptorum
522 2947 632 3031 inopia
653 2949 816 3033 laborant,
838 2950 902 3015 nisi
924 2949 996 3034 quis
1011 2952 1150 3015 easdem

178 3037 250 3102 illas
272 3038 398 3102 fabulas
413 3038 454 3102 ab
475 3037 598 3121 optimo
612 3041 646 3100 et
659 3037 874 3104 eruditissimo
888 3039 967 3122 vire,
989 3037 1149 3104 Gabriele

178 3121 317 3209 Faerno,
339 3125 464 3191 Latinis
482 3126 627 3192 versibus
646 3126 884 3211 elegantissime
906 3148 1073 3210 expressas
1091 3129 1159 3192 illil

180 3213 278 3312 aetati
308 3214 533 3296 proponendas
564 3217 671 3299 putet,
705 3218 738 3278 et
767 3215 960 3298 addendum,
993 3217 1021 3280 si
1052 3219 1151 3301 quod

180 3319 331 3383 exiguum
357 3305 472 3382 po'e'ma
498 3303 587 3385 puris
609 3303 715 3369 verbis
737 3303 822 3367 vitae
844 3307 1014 3388 praecepta
1036 3307 1151 3370 conti-

177 3407 260 3450 nens
287 3387 471 3469 reperiatur.
516 3387 688 3454 Biennium
712 3411 923 3476 consequens,
948 3393 982 3456 id
1009 3397 1059 3457 est
1078 3415 1153 3458 110-

178 3495 257 3538 num
277 3495 315 3538 ao
338 3474 495 3538 decimum
509 3497 643 3560 annum,
664 3479 711 3541 ita
733 3480 944 3544 libentissime
966 3481 1154 3568 posuerim,

178 3566 216 3626 ut
237 3583 317 3646 puer
339 3562 505 3628 matutinis
530 3563 658 3648 quidem
679 3565 768 3630 horis
791 3566 890 3632 libros
912 3567 1153 3654 Xenophontis
