2328 3956
184 203 247 268 102
495 199 677 256 EPISTOLA
695 201 819 257 LXXIV.

180 370 323 434 unquam
342 368 410 412 esse
429 347 529 411 ullam
548 347 586 410 de
604 367 676 410 mea
695 367 772 432 erga
796 350 828 411 te
851 345 920 429 tibi,
943 350 980 410 ut
998 347 1128 411 arbitror

180 460 247 502 nou
278 435 444 521 incognita
474 435 641 500 voluntate
670 435 924 500 deminutionem
956 435 1128 519 suspiceris.

181 525 230 590 Sit
252 526 352 610 igitur
373 524 435 590 hoc
457 524 542 588 inter
564 545 625 588 nos
643 524 794 609 positum,
816 545 857 588 ne
872 525 955 588 alter
968 525 1010 588 ab
1025 525 1129 608 altero,

180 615 265 700 quod
289 614 395 678 minus
418 633 514 697 saepe
536 612 660 678 litteras
683 613 828 696 accipiat,
851 612 960 677 minus
984 613 1082 677 etiam
1099 636 1128 678 se
1159 641 1160 686 r

180 703 282 768 amari
296 704 396 786 putet.
428 700 523 767 Nune
537 701 578 766 ad
592 704 704 766 cetera.
732 699 781 764 De
795 699 948 766 Federico
963 699 1129 787 Silburgio,

180 791 236 876 qui
267 811 318 855 me
346 791 408 855 sibi
436 789 591 875 quasdam
618 789 653 854 in
679 787 963 854 Halicamasseum
993 793 1026 854 et
1054 791 1129 855 alios

84 928 86 934 ,
179 883 273 944 notas
301 879 480 964 pollicitum
506 900 577 944 esse
604 879 665 962 ait,
694 879 764 942 fieri
791 878 920 964 quidem
947 881 1069 964 potest,
1097 885 1131 943 ut

179 969 225 1033 ita
248 969 304 1052 sit3
331 989 435 1052 neque
459 988 519 1053 ego
543 967 582 1032 de
605 989 657 1051 eo,
681 988 776 1052 quem
797 971 834 1031 tu
857 970 890 1032 et
912 967 1130 1032 doctissimum
1160 1001 1161 1022 r

180 1061 213 1121 et
244 1056 513 1121 humanissimum
544 1077 614 1120 esse
641 1056 768 1140 scribis,
800 1055 976 1141 quidquam
1004 1057 1131 1142 sequius
1160 1053 1161 1056 ’

180 1145 336 1229 suspicari
359 1146 473 1209 debeo:
499 1144 555 1210 sed
576 1147 695 1227 tamen,
719 1145 804 1229 quod
826 1145 911 1208 inter
932 1167 993 1209 nos
1013 1145 1130 1209 dictum

179 1234 234 1316 sit,
257 1255 361 1318 neque
383 1232 527 1298 Federioi
549 1233 651 1317 ipsius
673 1233 819 1317 memini,
840 1253 945 1317 neque
966 1255 1020 1298 me
1043 1235 1131 1318 quid-

178 1344 276 1407 quam
290 1323 357 1387 eius
371 1323 497 1407 generis
514 1323 664 1407 cuiquam
679 1321 840 1386 Germano
856 1322 1037 1406 pollicitum
1056 1345 1131 1387 esse.

179 1410 232 1494 Et,
255 1416 291 1476 ut
304 1433 415 1476 verum
428 1410 539 1493 fatear,
552 1410 774 1496 typographus
787 1411 850 1494 ille,
865 1433 961 1495 quem
973 1411 1132 1494 nominas,
1161 1431 1162 1440 ¹

177 1500 315 1584 pessime
330 1500 382 1565 hic
393 1499 557 1584 religionis
569 1499 701 1564 nomine
715 1498 862 1582 11111111
876 1499 1053 1584 quidquam
1062 1523 1131 1565 cum

178 1609 215 1652 6ο
238 1589 356 1653 habere
379 1587 561 1653 commercii
578 1609 682 1671 neque
706 1588 784 1652 11111
802 1591 908 1652 tutum
926 1609 1031 1673 neque
1056 1591 1132 1654 satio

177 1676 267 1760 pium
286 1698 356 1742 esse
374 1677 527 1742 rideatur.
565 1675 731 1762 Cogitabis
745 1677 806 1741 hoc
819 1677 888 1760 ipse
902 1679 1010 1741 tecum
1023 1679 1132 1762 paullo

178 1766 356 1829 accuratius
378 1786 506 1849 meque,
529 1765 557 1830 si
579 1765 612 1830 id
635 1763 719 1829 tanti
736 1765 881 1849 putabis,
904 1765 980 1848 quid
994 1767 1045 1830 tui
1061 1789 1132 1832 con-

179 1853 242 1918 silii
266 1875 302 1920 ac
326 1854 503 1919 sententiae
527 1854 583 1938 sit,
611 1854 807 1919 admonebis.
852 1851 958 1918 Venio
981 1876 1073 1920 nunc
1096 1857 1132 1919 ad

177 1943 324 2008 ultimam
347 1943 501 2027 epistolae
523 1945 598 2007 tuac
620 1946 755 2027 partem,
777 1943 811 2006 in
834 1964 898 2027 qua
921 1944 1075 2010 omnibus
1098 1968 1131 2008 ex

177 2032 323 2114 partibus
346 2053 415 2096 sese
438 2035 513 2097 tuus
535 2031 589 2096 ille
613 2051 708 2115 saepe
731 2033 894 2114 spectatus
914 2032 949 2096 in
969 2053 1022 2096 me
1043 2055 1133 2097 amor

178 2121 326 2186 ostendit.
380 2119 474 2197 Quod
501 2119 548 2184 ais
584 2119 678 2184 istius
705 2119 925 2185 nobilissimae
958 2120 1131 2206 civitatis¹)

177 2210 385 2293 magistratus
408 2229 504 2293 saepe
527 2207 566 2272 de
590 2229 640 2272 me
663 2209 698 2272 in
721 2205 847 2295 Sigonii
868 2209 928 2274 τοῦ
946 2213 1133 2295 μακαρίτου

178 2297 284 2361 locum
306 2297 449 2362 vocando
474 2317 510 2362 ac
535 2297 760 2376 substituendo
783 2297 955 2382 cogitasse,
979 2299 1037 2363 sed
1063 2320 1133 2363 oum

178 2385 309 2470 scirent,
333 2386 494 2471 quomodo
517 2384 569 2450 hic
591 2406 642 2450 res
665 2406 756 2451 meae
779 2387 972 2452 constitutae
997 2408 1035 2452 ac
1060 2409 1133 2452 con-

178 2473 349 2543 stabilitae¹
362 2475 436 2558 sint,
458 2477 599 2559 putasse,
621 2494 673 2538 me
695 2495 763 2539 non
785 2474 878 2539 facile
901 2474 942 2538 ad
965 2495 1038 2540 eam
1060 2497 1133 2541 con-

177 2561 333 2627 ditionem
364 2562 583 2647 accipiendam
614 2562 729 2627 adduci
756 2583 865 2647 posse;
898 2561 1013 2649 quodsi
1042 2586 1133 2649 spem

177 2650 319 2736 aliquam
346 2652 516 2717 ostendero
544 2651 686 2716 muneris
714 2650 800 2716 illius
827 2672 895 2716 non
921 2650 1132 2734 detrectandi,

177 2744 210 2806 et
223 2741 311 2826 ipsos
325 2741 438 2826 cupide
453 2741 594 2805 facturos
609 2739 726 2826 omnia,
750 2743 828 2804 6116
843 2739 985 2805 studiose
1000 2761 1132 2826 oporam

176 2829 339 2915 daturum,
366 2833 403 2894 ut
429 2828 463 2894 id
490 2850 587 2912 quam
609 2829 750 2893 maximo
773 2849 845 2894 meo
869 2829 1039 2895 commodo
1063 2831 1133 2894 fiat:

176 2919 315 3003 primum
338 2918 439 3003 video,
462 2919 619 3002 quantum
641 2917 689 2982 illi
707 2916 966 3003 splendidissimo
984 2920 1019 2983 61
1030 2919 1132 2984 hono-

176 3009 339 3076 ratissimo
366 3006 425 3072 XL
451 3007 557 3071 virum
584 3005 718 3072 consilio
747 3006 893 3089 debeam,
921 3007 977 3092 qui
1004 3006 1045 3071 de
1073 3030 1134 3090 me,

176 3095 307 3162 homine
325 3098 416 3162 nulla
434 3094 551 3161 eximia
570 3094 749 3161 eruditione
767 3095 922 3180 praedite,
944 3098 1013 3160 tam
1030 3095 1133 3161 hono-

175 3184 300 3250 rificum
318 3185 471 3251 iudicium
488 3183 636 3266 fecerint;
660 3183 773 3248 deinde
794 3184 868 3270 tibi,
890 3181 1031 3268 Pompili
1055 3185 1134 3248 ami-

176 3273 311 3356 cissime,
325 3274 384 3337 uel
406 3274 468 3338 hoo
490 3293 555 3336 uno
577 3271 708 3337 nomine
727 3272 774 3336 ita
792 3293 862 3338 csse
875 3294 927 3337 me
942 3273 1132 3338 obstrictum

177 3381 215 3425 ao
239 3357 423 3424 devinctum
446 3379 598 3444 agnosco,
619 3361 657 3424 ut
679 3363 785 3426 tecum
806 3381 950 3448 unquam
972 3362 1065 3446 paria
1086 3361 1101 3425 f
1122 3400 1134 3407 -

250 3550 269 3620 ¹)
290 3548 479 3605 Bononiensis.
