2360 3944
196 189 239 253 48
576 187 711 242 ORATIO
731 187 764 241 V.
834 137 836 148 '
1161 206 1162 262 l

196 333 477 416 coelestiumsitus,
486 332 735 417 magnitudines,
744 332 914 396 intervalla
923 331 1055 396 scientia
1064 353 1136 396 coru·

195 422 355 506 prehensa
378 426 502 504 tenere,
524 421 737 505 praeclarum3
759 421 816 485 illa
838 442 914 484 vero
933 421 1136 504 etiamquam

195 511 232 574 in
257 510 337 574 baec
363 510 519 575 inferiora
540 510 606 573 vim
633 509 788 592 habeant,
816 509 954 592 quidque
977 509 1022 572 ad'
1041 530 1136 592 quam·
1162 500 1163 586 l

196 598 275 661 libet
301 599 421 663 multos
449 620 553 664 anuos
579 597 731 662 effectura
759 598 836 680 siut,
864 598 932 661 sine
955 597 1022 661 ullo
1045 619 1138 661 errore
1162 601 1163 626 ¹

196 708 291 769 posse
313 688 509 771 praedicere,
535 708 635 770 prope
659 686 811 750 divinum.
855 683 1038 768 Sed-certe,
1065 685 1138 768 quod

196 797 238 839 ne
265 775 314 838 illi
340 777 469 860 quidem
497 776 573 859 ipsi,
601 774 656 858 qui
683 796 721 838 ea
749 795 782 838 se
810 773 922 837 docere
951 773 1139 856 profitentur,

196 866 401 950 negaverint,
428 885 553 947 eorum,
579 864 615 926 in
638 862 753 946 quibus
782 866 895 927 nostra
918 864 1081 926 exercetur
1101 863 1139 924 in·

198 953 334 1036 dustria,
361 957 394 1016 et
422 953 618 1016 fructuosior
641 951 784 1035 cognitio
808 953 858 1014 e'st
884 953 917 1014 et
943 950 1140 1034 perniciosior

197 1041 367 1124 ignoratio
417 1040 531 1124 Itaque
560 1043 598 1104 ut
628 1061 688 1104 nos
720 1040 773 1123 iis,
805 1038 861 1122 qui
893 1038 1003 1103 abdita
1033 1039 1088 1102 illa
1116 1043 1141 1101 et

197 1132 323 1192 retrusa
353 1132 508 1210 tractant,
541 1133 574 1192 et
604 1128 727 1213 ingenii
754 1127 901 1192 acumine
928 1130 961 1191 et
989 1123 1141 1192 doctrinae

197 1217 421 1301 magnitudine
444 1223 477 1280 et
499 1239 606 1281 rerum
628 1216 876 1280 admirabilitate
898 1237 966 1280 non
987 1216 1082 1280 inviti
1103 1237 1142 1279 ce·

198 1305 315 1369 dimus:
347 1306 394 1368 ita
425 1306 487 1389 ipsi
515 1307 623 1388 nobis,
653 1306 716 1368 nisi
744 1305 836 1368 valde
863 1305 967 1388 iniqui
995 1306 1075 1389 sint,
1105 1325 1143 1385 ca,

197 1415 280 1477 quae
295 1394 500 1479 disputantur
515 1417 533 1458 a
547 1395 654 1478 nobie,
673 1397 706 1457 et
723 1394 827 1478 magis
843 1393 1024 1457 necessaria
1040 1414 1105 1457 esse
1118 1397 1144 1454 et

197 1483 361 1547 uberiores
383 1484 553 1548 hominum
576 1483 685 1567 generi
707 1482 832 1546 fructus
852 1481 966 1545 afferre
989 1481 1144 1546 fateantur

197 1590 328 1635 necesse
356 1576 413 1635 est.
458 1571 575 1636 Nullus
604 1571 689 1634 enim
717 1592 873 1654 unquam,
901 1569 987 1653 quod
1013 1570 1073 1634 illa
1099 1573 1146 1632 aut

198 1678 266 1721 non
288 1661 413 1722 teneret
435 1662 492 1722 aut
515 1659 612 1722 etiam
634 1659 825 1743 negligeret,
853 1659 960 1722 minus
982 1661 1146 1742 propterea

198 1745 248 1809 vir
270 1746 374 1810 bouus
394 1750 451 1810 aut
472 1747 579 1810 minus
601 1746 690 1808 utilis
714 1748 836 1830 patriae
855 1747 934 1811 civis
954 1746 1146 1811 existimatus

198 1836 261 1897 est:
287 1835 367 1902 baec
394 1838 451 1898 aut
478 1835 628 1919 ignorata
656 1837 713 1898 aut
738 1836 887 1920 neglecta
913 1855 981 1898 uon
1009 1835 1146 1920 singulos

198 1922 295 1988 modo
325 1923 533 2008 perdiderunt
563 1922 724 2006 homines,
751 1923 806 1987 sed
833 1924 978 2008 integras
1006 1923 1147 1988 funditus

198 2012 385 2078 afflixerunt
403 2016 435 2078 et
453 2015 637 2078 everterunt
655 2011 808 2076 civitates.
844 2010 927 2096 Noe,
948 2033 1028 2096 quae
1050 2013 1148 2076 adole·
1167 2031 1168 2090 ᾗ

199 2105 359 2184 secutum,
373 2123 454 2185 quae
473 2100 652 2165 constantis
671 2101 799 2182 aetatis,
818 2121 900 2183 quae
919 2122 1032 2164 senum
1049 2101 1148 2165 officia

199 2189 278 2270 sint,
311 2190 501 2272 quaerimus.
559 2187 628 2252 Nos
660 2188 736 2271 quid
768 2187 866 2271 domi,
904 2189 981 2272 quid
1012 2190 1150 2270 militiae,

199 2275 277 2359 quid
296 2299 315 2338 a
333 2276 480 2360 privatio,
504 2276 580 2359 quid
603 2276 644 2340 ab
666 2277 719 2360 iis,
742 2276 798 2359 qui
820 2297 894 2341 cum
915 2277 1051 2360 imperio
1072 2281 1150 2356 sunt,

198 2365 357 2448 praestari
385 2363 512 2448 debeat,
544 2364 752 2448 disputamus.
801 2363 852 2430 Ex
878 2366 973 2430 nobis
1000 2366 1151 2450 intelligit

199 2475 335 2536 pauper,
367 2474 430 2535 quo
463 2453 558 2518 modo
592 2455 729 2518 tolerare
760 2454 917 2539 inopiam,
953 2454 1056 2539 dirce,
1093 2476 1151 2538 quo

199 2541 296 2606 modo
315 2541 363 2605 uti
381 2540 500 2606 divitiis
519 2543 642 2607 debeat.
674 2539 812 2607 Anobis
831 2543 908 2627 quid
926 2543 1012 2608 inter
1028 2547 1152 2626 patrem

199 2632 234 2693 et
259 2629 391 2713 liberos,
414 2630 490 2714 quid
513 2631 598 2694 inter
620 2630 724 2694 virum
747 2634 780 2694 et
801 2652 947 2716 uxorem,
972 2631 1049 2715 quid
1072 2633 1154 2696 inter

200 2718 329 2802 fratres,
352 2722 522 2804 cognatos,
545 2719 677 2802 amicos,
700 2719 798 2803 cives,
820 2721 896 2803 quid
915 2721 1052 2804 denique
1071 2721 1154 2784 inter

200 2828 312 2871 omues
334 2807 481 2872 homines
506 2808 668 2872 observari
691 2829 750 2891 par
773 2808 828 2892 sit,
855 2809 1039 2892 explicatur.
1087 2807 1154 2872 Nos

199 2895 412 2980 fortitudinis,
435 2918 494 2961 nos
512 2896 759 2980 temperantiae,
781 2918 842 2962 nos
860 2897 1077 2980 liberalitatis,
1096 2917 1155 2961 nos

199 2985 355 3070 iustitiae,
374 2987 614 3069 ceterarumque
632 2986 789 3050 virtutum
806 2985 871 3049 vim
890 2989 986 3070 atque
1004 2989 1156 3049 naturam

201 3073 486 3158 disputationibus,
502 3076 622 3140 nostris
654 3074 834 3159 patefacere
867 3077 962 3157 atque
993 3074 1156 3138 illustrare

201 3181 363 3228 conamur.
387 3161 463 3227 Sine
476 3164 593 3228 borum
608 3165 852 3246 praeceptorum
866 3162 1051 3247 cognitione
1065 3167 1158 3226 muta

135 3287 138 3292 -
201 3251 394 3314 conticescet
421 3252 626 3335 eloquentia,
646 3271 761 3314 manca
787 3254 820 3315 et
846 3251 961 3315 mutila
988 3251 1049 3314 erit
1077 3251 1157 3314 iuris

200 3337 371 3422 legumque
386 3338 543 3424 cognitio,
561 3339 618 3402 illa
636 3338 707 3422 ipsa
721 3339 851 3404 domina
864 3343 898 3403 et
910 3339 1023 3424 regina
1037 3339 1159 3403 artium

201 3426 366 3511 theologia
398 3427 522 3491 animos
554 3427 689 3511 requirit
720 3427 867 3513 diligenti
900 3428 1016 3493 harum
1048 3449 1159 3493 rerum

201 3515 394 3580 tractatione
412 3519 621 3598 praeparatos
640 3519 736 3599 atque
753 3517 944 3600 praecultos.
975 3515 1064 3592 Quae
1082 3537 1161 3580 cum
