2330 3944
383 199 519 258 ORATIO
537 199 611 260 XVI.
911 200 976 266 159

38 345 204 429 Sallustius,
245 343 412 412 Cornelius
454 345 598 428 Tacitus,
634 344 760 430 Trogus
795 345 977 412 manifestis

36 435 158 500 testibus
175 435 450 502 convincerentur.
477 433 599 518 Magna
620 433 729 518 huius,
752 434 895 518 quisquis
918 439 977 519 cst,

36 522 153 606 Vopisci
183 521 333 590 felicitas:
369 544 465 589 nemo
497 543 641 606 unquam
676 527 744 588 tam
780 523 904 590 curiose
939 523 976 588 in

35 611 120 694 ipsius
156 611 322 678 mendacia
357 611 508 696 inquiret
558 608 621 677 Sed
660 613 771 676 tamen
806 612 877 695 quis
913 611 977 677 hoc

36 702 184 782 praestare
204 700 302 783 ausit,
328 699 381 783 iis,
404 721 487 783 quae
508 699 571 766 hcc
593 698 734 764 hominis
757 700 918 764 somnium
939 700 976 764 in

35 793 90 850 tam
118 788 290 856 luculentis
318 788 527 872 scriptoribus
558 787 820 872 reprehenderet,
849 789 978 854 veriora

36 897 91 940 esse
116 897 167 960 ea,
194 897 276 960 quae
303 877 372 961 ipse
400 897 473 942 curn
505 876 570 942 suis
597 877 735 942 testibus
766 876 977 961 protulisset?

36 963 98 1038 Quis
121 968 230 1028 autem
252 986 394 1049 unquam
416 965 571 1032 historiae
593 965 733 1050 scriptor
754 965 840 1030 hanc
862 968 978 1030 notam

35 1051 158 1137 effugere
185 1053 314 1137 potuit?
354 1052 432 1119 Non
458 1058 587 1118 tantum
614 1053 700 1138 apud
729 1052 977 1138 Theopompum

35 1145 61 1204 et
90 1141 174 1225 apud
210 1139 425 1224 Herodotum,
460 1142 614 1208 historiae
650 1145 789 1226 patrem,
825 1142 978 1206 dicuntur

35 1250 90 1294 csse
106 1229 357 1296 innumerabiles
374 1230 528 1315 fabulae,
540 1231 595 1296 sed
618 1234 653 1295 et
673 1231 741 1314 ipse
765 1229 978 1316 Thucydides,

36 1318 131 1399 quiea
148 1317 294 1402 scripsit,
317 1319 432 1402 quibus
455 1319 659 1402 interfuerat,
682 1319 840 1383 mendacii
858 1341 878 1382 a
895 1339 976 1383 non·

35 1406 117 1472 nullis
143 1410 322 1472 accusatur.
364 1406 556 1490 Thucydides
585 1425 713 1490 quoquc,
745 1407 791 1470 ait
817 1406 977 1490 Iosephus

35 1495 104 1559 libro
131 1495 236 1579 primo
269 1495 421 1562 adversus
447 1495 622 1580 Apionem,
647 1499 684 1560 at
708 1495 808 1560 multer
832 1495 978 1560 meatibus

34 1583 222 1650 cccnucilc's
242 1585 383 1650 cauca
403 1584 489 1663 solet,
511 1586 566 1667 qai
588 1589 690 1650 ιιιιιιιι
711 1584 978 1649 maestissimum

34 1673 428 1847 turbertus
449 1677 791 1845 lcitum
813 1671 980 1826 imur

35 1848 126 1931 cydidi
152 1871 281 1936 quoque
309 1853 343 1914 et
363 1850 456 1918 Livio
484 1853 518 1915 et
538 1850 689 1916 omnibus
712 1849 849 1933 denique
875 1849 978 1914 histe-

35 1937 139 2004 riarum
172 1938 383 2022 scriptoribus
414 1942 540 2006 noceat.
583 1937 631 2004 Αι
659 1937 877 2002 Tertullianus
909 1957 979 2002 non

35 2029 66 2088 ut
85 2025 246 2112 Vopiscus
273 2028 380 2112 aliqua
408 2027 558 2096 Tacitum
584 2027 757 2092 mentitum
788 2047 858 2091 csse
889 2023 982 2109 dicit,

37 2113 82 2177 sed
104 2137 179 2180 eum
209 2115 449 2184 mendaciorum
474 2115 736 2201 loquacissimum
762 2117 866 2180 vocat
904 2112 981 2178 Hoc

35 2201 92 2269 loco
117 2208 196 2289 peto
230 2227 249 2270 a
283 2205 387 2290 vobis,
418 2209 456 2269 ut
490 2227 541 2270 me
577 2225 674 2288 quam
705 2203 841 2288 potestis
873 2205 979 2268 atten-

36 2290 142 2358 tissime
166 2293 314 2360 audiatis.
345 2293 470 2360 Eadem
488 2293 574 2358 enim
593 2313 691 2377 opera
708 2295 741 2358 et
759 2292 800 2358 ad
821 2291 869 2376 id,
891 2290 980 2376 quod

36 2400 64 2442 ex
87 2381 288 2446 Tertulliano
316 2382 473 2466 adfertur,
504 2382 718 2466 respondebo,
749 2384 783 2445 et
813 2380 860 2464 id,
891 2379 983 2464 quod·

36 2467 132 2536 Tacito
152 2471 380 2556 gravisumum
398 2469 560 2554 obiicitur,
582 2470 715 2536 diluam:
738 2489 812 2534 cum
828 2467 980 2553 religioni

35 2562 149 2624 nostrae
175 2559 342 2642 inimicum
365 2563 463 2644 atque
485 2559 648 2624 infensum
669 2557 779 2623 fuisse.

86 2646 135 2712 lla
158 2648 197 2712 in
218 2652 273 2713 vet
258 2648 443 2714 tustissimis
466 2648 530 2714 illis
552 2668 646 2712 verae
670 2667 707 2712 ac
734 2646 884 2711 salutaris
906 2645 978 2709 reli-

36 2733 126 2816 gionis
149 2739 285 2802 nostrae
307 2735 618 2888 proseminatoribus
643 2756 681 2800 ac
707 2732 980 2836 propagatoribus

35 2823 122 2903 pietas
149 2825 294 2908 fuir,-
252 2847 401 2909 -quac
428 2848 449 2890 u
451 2825 554 2890 tinam
577 2823 674 2888 ctiam
696 2823 828 2889 hodie
819 2843 854 2886 ιιι
877 2821 980 2886 omni·

35 2909 83 2976 bus
102 2913 200 2980 nobis
220 2874 388 2978 bssetl-
412 2913 494 2978 nihil
517 2916 554 2977 ut
576 2912 712 2996 ferrent,
737 2911 821 2976 nihil
848 2910 981 2974 curibus

35 3002 218 3086 acciperent,
241 3002 328 3086 quod
351 2999 468 3068 Christ
445 3007 570 3066 tranum
591 3022 660 3066 non
682 3003 780 3083 essetp
802 3020 882 3082 quae
906 3018 983 3062 cum

36 3053 218 3155 Christiana
231 3091 352 3175 pietate
375 3093 572 3176 pugnarent,
595 3111 633 3154 ea
652 3089 760 3156 omnia
782 3089 980 3171 respuerent,

35 3177 204 3262 reficerent,
223 3183 461 3264 aversarentur,
484 3181 733 3246 exsecrarentur.
761 3175 981 3240 Tertullianus

36 3264 131 3350 igit,ur
162 3269 219 3351 qui
247 3268 417 3370 quaedam
432 3267 518 3351 apud
540 3266 688 3334 Tacitum
714 3265 847 3350 legisset
868 3265 980 3330 adver·

36 3374 77 3417 sus
98 3354 211 3421 Christ
197 3360 268 3420 tum
290 3357 323 3440 ip
325 3378 409 3440 sum,
431 3355 537 3420 Deum
560 3376 597 3419 ac
619 3353 796 3419 Dominum
822 3357 982 3437 nostrum,

37 3444 228 3510 etadversus
243 3380 476 3510 Christiarios
466 3443 564 3527 rmpie
587 3443 686 3528 dicta,
709 3441 864 3526 quasdam
881 3442 980 3505 etiam

37 3529 163 3618 fabulas,
192 3555 273 3618 quae
300 3537 371 3597 turn
399 3533 437 3597 de
466 3535 558 3598 sanct
559 3531 668 3596 issimo
695 3532 764 3596 viro
787 3527 899 3613 Moyse
928 3529 981 3594 de·
