<?xml version="1.0" encoding="UTF-8"?>
<!DOCTYPE html PUBLIC "-//W3C//DTD XHTML 1.0 Transitional//EN"
    "http://www.w3.org/TR/xhtml1/DTD/xhtml1-transitional.dtd">
<html xmlns="http://www.w3.org/1999/xhtml" xml:lang="en" lang="en">
 <head>
  <title>
</title>
<meta http-equiv="Content-Type" content="text/html;charset=utf-8" />
  <meta name='ocr-system' content='tesseract 3.04.00' />
  <meta name='ocr-capabilities' content='ocr_page ocr_carea ocr_par ocr_line ocrx_word'/>
</head>
<body>
  <div class='ocr_page' id='page_1' title='image "./mantoniimuretis00freygoog_0174.png"; bbox 0 0 2330 3944; ppageno 0'>
   <div class='ocr_carea' id='block_1_1' title="bbox 383 199 968 268">
    <p class='ocr_par' dir='ltr' id='par_1_1' title="bbox 383 199 968 268">
     <span class='ocr_line' id='line_1_1' title="bbox 383 199 968 268; baseline 0.007 -16"><span class='ocrx_word' id='word_1_1' title='bbox 383 199 518 255; x_wconf 78' lang='grc'>0111110</span> <span class='ocrx_word' id='word_1_2' title='bbox 537 200 609 256; x_wconf 80' lang='lat' dir='ltr'>xvi.</span> <span class='ocrx_word' id='word_1_3' title='bbox 910 205 968 268; x_wconf 86' lang='lat'>161</span> 
     </span>
    </p>
   </div>
   <div class='ocr_carea' id='block_1_2' title="bbox 13 341 982 3334">
    <p class='ocr_par' dir='ltr' id='par_1_2' title="bbox 37 341 979 1904">
     <span class='ocr_line' id='line_1_2' title="bbox 41 341 977 432; baseline 0.006 -24"><span class='ocrx_word' id='word_1_4' title='bbox 41 345 166 426; x_wconf 79' lang='lat' dir='ltr'>Tacitus,</span> <span class='ocrx_word' id='word_1_5' title='bbox 185 343 224 406; x_wconf 90' lang='lat' dir='ltr'>dc</span> <span class='ocrx_word' id='word_1_6' title='bbox 242 342 353 428; x_wconf 84' lang='lat' dir='ltr'><strong>Moyse</strong></span> <span class='ocrx_word' id='word_1_7' title='bbox 373 347 406 408; x_wconf 87' lang='lat' dir='ltr'>et</span> <span class='ocrx_word' id='word_1_8' title='bbox 422 341 549 408; x_wconf 85' lang='lat' dir='ltr'>Iudaeis</span> <span class='ocrx_word' id='word_1_9' title='bbox 568 343 723 432; x_wconf 85' lang='lat' dir='ltr'>habet*)..</span> <span class='ocrx_word' id='word_1_10' title='bbox 743 347 977 424; x_wconf 69' lang='lat' dir='ltr'>Quintilianum</span> 
     </span>
     <span class='ocr_line' id='line_1_3' title="bbox 39 432 977 519; baseline 0.007 -24"><span class='ocrx_word' id='word_1_11' title='bbox 39 432 205 495; x_wconf 82' lang='lat' dir='ltr'>rhetoribus</span> <span class='ocrx_word' id='word_1_12' title='bbox 229 432 419 498; x_wconf 81' lang='lat' dir='ltr'>adimamus:</span> <span class='ocrx_word' id='word_1_13' title='bbox 442 434 673 498; x_wconf 77' lang='lat' dir='ltr'>contumeliose</span> <span class='ocrx_word' id='word_1_14' title='bbox 696 435 764 518; x_wconf 88' lang='lat' dir='ltr'>ipse</span> <span class='ocrx_word' id='word_1_15' title='bbox 788 457 913 519; x_wconf 92' lang='lat' dir='ltr'>quoque</span> <span class='ocrx_word' id='word_1_16' title='bbox 937 439 977 502; x_wconf 91' lang='lat' dir='ltr'>de</span> 
     </span>
     <span class='ocr_line' id='line_1_4' title="bbox 39 519 977 606; baseline 0.007 -24"><span class='ocrx_word' id='word_1_17' title='bbox 39 520 132 603; x_wconf 84' lang='lat' dir='ltr'>Moyse</span> <span class='ocrx_word' id='word_1_18' title='bbox 151 519 365 606; x_wconf 83' lang='lat' dir='ltr'>loquitur**);</span> <span class='ocrx_word' id='word_1_19' title='bbox 387 520 624 585; x_wconf 88' lang='lat' dir='ltr'>iurisconsultis</span> <span class='ocrx_word' id='word_1_20' title='bbox 646 521 836 605; x_wconf 78' lang='lat' dir='ltr'>Ulpianum:</span> <span class='ocrx_word' id='word_1_21' title='bbox 859 525 977 589; x_wconf 91' lang='lat' dir='ltr'>librum</span> 
     </span>
     <span class='ocr_line' id='line_1_5' title="bbox 39 607 977 692; baseline 0.006 -22"><span class='ocrx_word' id='word_1_22' title='bbox 39 611 186 692; x_wconf 86' lang='lat' dir='ltr'>integrum</span> <span class='ocrx_word' id='word_1_23' title='bbox 209 607 336 692; x_wconf 82' lang='lat' dir='ltr'>scripsit</span> <span class='ocrx_word' id='word_1_24' title='bbox 358 609 397 672; x_wconf 87' lang='lat' dir='ltr'>dc</span> <span class='ocrx_word' id='word_1_25' title='bbox 420 609 547 692; x_wconf 83' lang='lat' dir='ltr'>poenis,</span> <span class='ocrx_word' id='word_1_26' title='bbox 570 609 686 692; x_wconf 88' lang='lat' dir='ltr'>quibus</span> <span class='ocrx_word' id='word_1_27' title='bbox 709 608 884 675; x_wconf 78' lang='lat' dir='ltr'>Christiani</span> <span class='ocrx_word' id='word_1_28' title='bbox 907 613 977 676; x_wconf 84' lang='lat' dir='ltr'>affi-</span> 
     </span>
     <span class='ocr_line' id='line_1_6' title="bbox 37 695 977 784; baseline 0.005 -25"><span class='ocrx_word' id='word_1_29' title='bbox 37 697 124 760; x_wconf 86' lang='lat' dir='ltr'>ciendi</span> <span class='ocrx_word' id='word_1_30' title='bbox 151 695 272 778; x_wconf 81' lang='lat' dir='ltr'>forent3</span> <span class='ocrx_word' id='word_1_31' title='bbox 295 697 495 780; x_wconf 90' lang='lat' dir='ltr'>philosophis</span> <span class='ocrx_word' id='word_1_32' title='bbox 518 697 745 780; x_wconf 85' lang='lat' dir='ltr'>Porphyrium,</span> <span class='ocrx_word' id='word_1_33' title='bbox 769 697 977 784; x_wconf 83' lang='lat' dir='ltr'>Simplicium,</span> 
     </span>
     <span class='ocr_line' id='line_1_7' title="bbox 42 783 976 867; baseline 0.006 -21"><span class='ocrx_word' id='word_1_34' title='bbox 42 784 239 848; x_wconf 74' lang='grc' dir='ltr'>11101111οό1111</span> <span class='ocrx_word' id='word_1_35' title='bbox 262 785 332 867; x_wconf 91' lang='lat' dir='ltr'>quis</span> <span class='ocrx_word' id='word_1_36' title='bbox 356 805 423 849; x_wconf 90' lang='lat' dir='ltr'>non</span> <span class='ocrx_word' id='word_1_37' title='bbox 446 806 557 849; x_wconf 89' lang='lat' dir='ltr'>eorum</span> <span class='ocrx_word' id='word_1_38' title='bbox 580 807 614 850; x_wconf 90' lang='lat' dir='ltr'>se</span> <span class='ocrx_word' id='word_1_39' title='bbox 638 783 813 850; x_wconf 79' lang='lat' dir='ltr'>Christiani</span> <span class='ocrx_word' id='word_1_40' title='bbox 835 789 976 852; x_wconf 88' lang='lat' dir='ltr'>nominis</span> 
     </span>
     <span class='ocr_line' id='line_1_8' title="bbox 38 871 977 958; baseline 0.005 -24"><span class='ocrx_word' id='word_1_41' title='bbox 38 873 149 936; x_wconf 83' lang='lat' dir='ltr'>hostem</span> <span class='ocrx_word' id='word_1_42' title='bbox 178 872 340 955; x_wconf 84' lang='lat' dir='ltr'>professus</span> <span class='ocrx_word' id='word_1_43' title='bbox 369 872 440 936; x_wconf 83' lang='lat' dir='ltr'>cst?</span> <span class='ocrx_word' id='word_1_44' title='bbox 472 873 603 936; x_wconf 90' lang='lat' dir='ltr'>medicis</span> <span class='ocrx_word' id='word_1_45' title='bbox 631 871 801 958; x_wconf 79' lang='lat' dir='ltr'>Galerium,</span> <span class='ocrx_word' id='word_1_46' title='bbox 828 874 977 939; x_wconf 88' lang='lat' dir='ltr'>historia·</span> 
     </span>
     <span class='ocr_line' id='line_1_9' title="bbox 38 959 978 1048; baseline 0.004 -26"><span class='ocrx_word' id='word_1_47' title='bbox 38 981 91 1022; x_wconf 90' lang='lat' dir='ltr'>run</span> <span class='ocrx_word' id='word_1_48' title='bbox 114 959 268 1024; x_wconf 88' lang='lat' dir='ltr'>studiosis</span> <span class='ocrx_word' id='word_1_49' title='bbox 290 959 499 1025; x_wconf 87' lang='lat' dir='ltr'>Ammianum</span> <span class='ocrx_word' id='word_1_50' title='bbox 520 959 756 1046; x_wconf 85' lang='lat' dir='ltr'>Marcellinum,</span> <span class='ocrx_word' id='word_1_51' title='bbox 783 962 978 1048; x_wconf 81' lang='lat' dir='ltr'>Eunapinm,</span> 
     </span>
     <span class='ocr_line' id='line_1_10' title="bbox 37 1047 977 1130; baseline 0.005 -19"><span class='ocrx_word' id='word_1_52' title='bbox 37 1047 201 1130; x_wconf 81' lang='lat' dir='ltr'>Zosimum3</span> <span class='ocrx_word' id='word_1_53' title='bbox 238 1069 348 1112; x_wconf 91' lang='lat' dir='ltr'>omnes</span> <span class='ocrx_word' id='word_1_54' title='bbox 384 1049 419 1112; x_wconf 94' lang='lat' dir='ltr'>hi</span> <span class='ocrx_word' id='word_1_55' title='bbox 455 1049 560 1115; x_wconf 90' lang='lat' dir='ltr'>alieno</span> <span class='ocrx_word' id='word_1_56' title='bbox 594 1072 613 1114; x_wconf 92' lang='lat' dir='ltr'>a</span> <span class='ocrx_word' id='word_1_57' title='bbox 645 1048 836 1114; x_wconf 80' lang='lat' dir='ltr'>Christianis</span> <span class='ocrx_word' id='word_1_58' title='bbox 869 1051 977 1116; x_wconf 88' lang='lat' dir='ltr'>animo</span> 
     </span>
     <span class='ocr_line' id='line_1_11' title="bbox 38 1136 978 1224; baseline 0.004 -26"><span class='ocrx_word' id='word_1_59' title='bbox 38 1136 165 1220; x_wconf 84' lang='lat' dir='ltr'>luerunt,</span> <span class='ocrx_word' id='word_1_60' title='bbox 193 1136 289 1220; x_wconf 89' lang='lat' dir='ltr'>idque</span> <span class='ocrx_word' id='word_1_61' title='bbox 317 1137 444 1221; x_wconf 89' lang='lat' dir='ltr'>scriptis</span> <span class='ocrx_word' id='word_1_62' title='bbox 472 1139 538 1202; x_wconf 90' lang='lat' dir='ltr'>suis</span> <span class='ocrx_word' id='word_1_63' title='bbox 566 1141 720 1202; x_wconf 87' lang='lat' dir='ltr'>testatum</span> <span class='ocrx_word' id='word_1_64' title='bbox 744 1159 780 1202; x_wconf 91' lang='lat' dir='ltr'>ac</span> <span class='ocrx_word' id='word_1_65' title='bbox 808 1139 978 1224; x_wconf 81' lang='lat' dir='ltr'>consigna-</span> 
     </span>
     <span class='ocr_line' id='line_1_12' title="bbox 38 1223 979 1310; baseline 0.005 -24"><span class='ocrx_word' id='word_1_66' title='bbox 38 1227 91 1287; x_wconf 85' lang='lat' dir='ltr'>tum</span> <span class='ocrx_word' id='word_1_67' title='bbox 110 1225 324 1308; x_wconf 88' lang='lat' dir='ltr'>reliquerunt.</span> <span class='ocrx_word' id='word_1_68' title='bbox 360 1223 481 1300; x_wconf 84' lang='lat' dir='ltr'>Quodsi</span> <span class='ocrx_word' id='word_1_69' title='bbox 504 1248 558 1290; x_wconf 92' lang='lat' dir='ltr'>eos</span> <span class='ocrx_word' id='word_1_70' title='bbox 582 1247 649 1290; x_wconf 93' lang='lat' dir='ltr'>non</span> <span class='ocrx_word' id='word_1_71' title='bbox 671 1229 781 1290; x_wconf 85' lang='lat' dir='ltr'>tamen</span> <span class='ocrx_word' id='word_1_72' title='bbox 807 1231 979 1310; x_wconf 85' lang='lat' dir='ltr'>propterca</span> 
     </span>
     <span class='ocr_line' id='line_1_13' title="bbox 39 1313 978 1396; baseline 0.005 -23"><span class='ocrx_word' id='word_1_73' title='bbox 39 1313 195 1376; x_wconf 81' lang='lat' dir='ltr'>relicimus:</span> <span class='ocrx_word' id='word_1_74' title='bbox 216 1313 291 1395; x_wconf 91' lang='lat' dir='ltr'>quid</span> <span class='ocrx_word' id='word_1_75' title='bbox 309 1314 344 1376; x_wconf 92' lang='lat' dir='ltr'>in</span> <span class='ocrx_word' id='word_1_76' title='bbox 362 1313 510 1378; x_wconf 84' lang='lat' dir='ltr'>Tacitum</span> <span class='ocrx_word' id='word_1_77' title='bbox 527 1313 702 1396; x_wconf 80' lang='lat' dir='ltr'>iniquiores</span> <span class='ocrx_word' id='word_1_78' title='bbox 721 1336 789 1378; x_wconf 87' lang='grc'>0000</span> <span class='ocrx_word' id='word_1_79' title='bbox 807 1313 978 1379; x_wconf 81' lang='lat' dir='ltr'>volumus?</span> 
     </span>
     <span class='ocr_line' id='line_1_14' title="bbox 38 1399 979 1486; baseline 0.004 -24"><span class='ocrx_word' id='word_1_80' title='bbox 38 1399 78 1462; x_wconf 84' lang='lat' dir='ltr'>hu</span> <span class='ocrx_word' id='word_1_81' title='bbox 101 1401 274 1484; x_wconf 88' lang='lat' dir='ltr'>quisquam</span> <span class='ocrx_word' id='word_1_82' title='bbox 301 1404 449 1466; x_wconf 86' lang='lat' dir='ltr'>nostrum</span> <span class='ocrx_word' id='word_1_83' title='bbox 480 1402 526 1464; x_wconf 88' lang='lat' dir='ltr'>ita</span> <span class='ocrx_word' id='word_1_84' title='bbox 557 1401 703 1466; x_wconf 90' lang='lat' dir='ltr'>infirmus</span> <span class='ocrx_word' id='word_1_85' title='bbox 735 1405 797 1485; x_wconf 88' lang='lat' dir='ltr'>est,</span> <span class='ocrx_word' id='word_1_86' title='bbox 828 1406 866 1466; x_wconf 91' lang='lat' dir='ltr'>ut</span> <span class='ocrx_word' id='word_1_87' title='bbox 896 1403 979 1486; x_wconf 90' lang='lat' dir='ltr'>peri·</span> 
     </span>
     <span class='ocr_line' id='line_1_15' title="bbox 39 1486 979 1573; baseline 0.002 -23"><span class='ocrx_word' id='word_1_88' title='bbox 39 1489 125 1552; x_wconf 87' lang='lat' dir='ltr'>culum</span> <span class='ocrx_word' id='word_1_89' title='bbox 154 1489 212 1572; x_wconf 84' lang='lat' dir='ltr'>sit,</span> <span class='ocrx_word' id='word_1_90' title='bbox 239 1511 280 1553; x_wconf 89' lang='lat' dir='ltr'>ne</span> <span class='ocrx_word' id='word_1_91' title='bbox 306 1489 342 1552; x_wconf 94' lang='lat' dir='ltr'>in</span> <span class='ocrx_word' id='word_1_92' title='bbox 368 1489 430 1552; x_wconf 89' lang='lat' dir='ltr'>fide</span> <span class='ocrx_word' id='word_1_93' title='bbox 454 1486 638 1554; x_wconf 79' lang='lat' dir='ltr'>Christiana</span> <span class='ocrx_word' id='word_1_94' title='bbox 664 1489 804 1553; x_wconf 87' lang='lat' dir='ltr'>titubare</span> <span class='ocrx_word' id='word_1_95' title='bbox 835 1489 979 1573; x_wconf 86' lang='lat' dir='ltr'>incipiat,</span> 
     </span>
     <span class='ocr_line' id='line_1_16' title="bbox 40 1575 978 1662; baseline 0.004 -26"><span class='ocrx_word' id='word_1_96' title='bbox 40 1576 59 1636; x_wconf 89' lang='lat' dir='ltr'>si</span> <span class='ocrx_word' id='word_1_97' title='bbox 88 1575 236 1640; x_wconf 74' lang='lat' dir='ltr'>Tacitrun</span> <span class='ocrx_word' id='word_1_98' title='bbox 273 1575 492 1641; x_wconf 81' lang='lat' dir='ltr'>Christianum</span> <span class='ocrx_word' id='word_1_99' title='bbox 526 1599 595 1641; x_wconf 91' lang='grc'>11011</span> <span class='ocrx_word' id='word_1_100' title='bbox 630 1576 729 1642; x_wconf 87' lang='lat' dir='ltr'>fuisse</span> <span class='ocrx_word' id='word_1_101' title='bbox 769 1577 978 1662; x_wconf 79' lang='lat' dir='ltr'>cognoverit?</span> 
     </span>
     <span class='ocr_line' id='line_1_17' title="bbox 38 1661 979 1750; baseline 0.004 -25"><span class='ocrx_word' id='word_1_102' title='bbox 38 1661 198 1728; x_wconf 86' lang='lat' dir='ltr'>Doleamus</span> <span class='ocrx_word' id='word_1_103' title='bbox 231 1665 340 1748; x_wconf 89' lang='lat' dir='ltr'>potius</span> <span class='ocrx_word' id='word_1_104' title='bbox 371 1665 457 1729; x_wconf 89' lang='lat' dir='ltr'>illius</span> <span class='ocrx_word' id='word_1_105' title='bbox 493 1665 609 1749; x_wconf 84' lang='lat' dir='ltr'>vicem,</span> <span class='ocrx_word' id='word_1_106' title='bbox 645 1669 678 1729; x_wconf 90' lang='lat' dir='ltr'>et</span> <span class='ocrx_word' id='word_1_107' title='bbox 710 1666 795 1750; x_wconf 81' lang='lat' dir='ltr'>grati</span> <span class='ocrx_word' id='word_1_108' title='bbox 827 1666 979 1730; x_wconf 81' lang='lat' dir='ltr'>adversus</span> 
     </span>
     <span class='ocr_line' id='line_1_18' title="bbox 38 1749 978 1838; baseline 0.006 -26"><span class='ocrx_word' id='word_1_109' title='bbox 38 1749 125 1816; x_wconf 89' lang='lat' dir='ltr'>Deum</span> <span class='ocrx_word' id='word_1_110' title='bbox 147 1752 265 1836; x_wconf 90' lang='lat' dir='ltr'>simus,</span> <span class='ocrx_word' id='word_1_111' title='bbox 293 1753 348 1836; x_wconf 89' lang='lat' dir='ltr'>qui</span> <span class='ocrx_word' id='word_1_112' title='bbox 371 1753 495 1818; x_wconf 89' lang='lat' dir='ltr'>animos</span> <span class='ocrx_word' id='word_1_113' title='bbox 523 1755 652 1819; x_wconf 87' lang='lat' dir='ltr'>nostros</span> <span class='ocrx_word' id='word_1_114' title='bbox 675 1754 789 1818; x_wconf 87' lang='lat' dir='ltr'>maiori</span> <span class='ocrx_word' id='word_1_115' title='bbox 815 1754 885 1818; x_wconf 90' lang='lat' dir='ltr'>luce</span> <span class='ocrx_word' id='word_1_116' title='bbox 908 1776 978 1838; x_wconf 87' lang='lat' dir='ltr'>per-</span> 
     </span>
     <span class='ocr_line' id='line_1_19' title="bbox 38 1839 145 1904; baseline 0.047 -5"><span class='ocrx_word' id='word_1_117' title='bbox 38 1839 145 1904; x_wconf 81' lang='lat' dir='ltr'>fuderit</span> 
     </span>
    </p>

    <p class='ocr_par' dir='ltr' id='par_1_3' title="bbox 13 1927 982 3334">
     <span class='ocr_line' id='line_1_20' title="bbox 90 1927 980 2013; baseline 0 -22"><span class='ocrx_word' id='word_1_118' title='bbox 90 1927 230 1992; x_wconf 89' lang='lat' dir='ltr'>Restant</span> <span class='ocrx_word' id='word_1_119' title='bbox 257 1928 320 1993; x_wconf 90' lang='lat' dir='ltr'>duo</span> <span class='ocrx_word' id='word_1_120' title='bbox 349 1951 388 1993; x_wconf 86' lang='lat' dir='ltr'>ex</span> <span class='ocrx_word' id='word_1_121' title='bbox 414 1930 467 2013; x_wconf 87' lang='lat' dir='ltr'>iis,</span> <span class='ocrx_word' id='word_1_122' title='bbox 499 1952 580 2013; x_wconf 88' lang='lat' dir='ltr'>quae</span> <span class='ocrx_word' id='word_1_123' title='bbox 608 1930 720 1995; x_wconf 80' lang='lat' dir='ltr'>Tacito</span> <span class='ocrx_word' id='word_1_124' title='bbox 749 1930 790 1993; x_wconf 89' lang='lat' dir='ltr'>ab</span> <span class='ocrx_word' id='word_1_125' title='bbox 822 1929 980 2012; x_wconf 88' lang='lat' dir='ltr'>imperitis</span> 
     </span>
     <span class='ocr_line' id='line_1_21' title="bbox 38 2013 979 2102; baseline 0.003 -26"><span class='ocrx_word' id='word_1_126' title='bbox 38 2013 114 2078; x_wconf 90' lang='lat' dir='ltr'>obiici</span> <span class='ocrx_word' id='word_1_127' title='bbox 136 2018 243 2081; x_wconf 84' lang='lat' dir='ltr'>solere</span> <span class='ocrx_word' id='word_1_128' title='bbox 266 2016 343 2080; x_wconf 86' lang='lat' dir='ltr'>dixi:</span> <span class='ocrx_word' id='word_1_129' title='bbox 372 2018 458 2101; x_wconf 93' lang='lat' dir='ltr'>quod</span> <span class='ocrx_word' id='word_1_130' title='bbox 487 2018 639 2083; x_wconf 92' lang='lat' dir='ltr'>obscurus</span> <span class='ocrx_word' id='word_1_131' title='bbox 671 2021 704 2082; x_wconf 90' lang='lat' dir='ltr'>ct</span> <span class='ocrx_word' id='word_1_132' title='bbox 731 2039 824 2102; x_wconf 85' lang='lat' dir='ltr'>asper</span> <span class='ocrx_word' id='word_1_133' title='bbox 846 2018 881 2080; x_wconf 90' lang='lat' dir='ltr'>in</span> <span class='ocrx_word' id='word_1_134' title='bbox 904 2016 979 2080; x_wconf 89' lang='lat' dir='ltr'>scri·</span> 
     </span>
     <span class='ocr_line' id='line_1_22' title="bbox 41 2099 981 2191; baseline 0.005 -29"><span class='ocrx_word' id='word_1_135' title='bbox 41 2099 124 2168; x_wconf 89' lang='lat' dir='ltr'>hendo</span> <span class='ocrx_word' id='word_1_136' title='bbox 149 2105 195 2168; x_wconf 91' lang='lat' dir='ltr'>sit</span> <span class='ocrx_word' id='word_1_137' title='bbox 218 2108 252 2168; x_wconf 91' lang='lat' dir='ltr'>et</span> <span class='ocrx_word' id='word_1_138' title='bbox 275 2105 360 2188; x_wconf 91' lang='lat' dir='ltr'>quod</span> <span class='ocrx_word' id='word_1_139' title='bbox 382 2107 465 2170; x_wconf 89' lang='lat' dir='ltr'>male</span> <span class='ocrx_word' id='word_1_140' title='bbox 488 2105 603 2171; x_wconf 87' lang='lat' dir='ltr'>Latine</span> <span class='ocrx_word' id='word_1_141' title='bbox 625 2107 785 2191; x_wconf 89' lang='lat' dir='ltr'>loquatur.</span> <span class='ocrx_word' id='word_1_142' title='bbox 820 2104 981 2189; x_wconf 83' lang='lat' dir='ltr'>Equidem</span> 
     </span>
     <span class='ocr_line' id='line_1_23' title="bbox 37 2191 982 2279; baseline 0.005 -28"><span class='ocrx_word' id='word_1_143' title='bbox 37 2210 95 2253; x_wconf 89' lang='lat' dir='ltr'>cum</span> <span class='ocrx_word' id='word_1_144' title='bbox 124 2193 209 2258; x_wconf 92' lang='lat' dir='ltr'>istos</span> <span class='ocrx_word' id='word_1_145' title='bbox 243 2193 282 2256; x_wconf 87' lang='lat' dir='ltr'>da</span> <span class='ocrx_word' id='word_1_146' title='bbox 310 2194 505 2258; x_wconf 87' lang='lat' dir='ltr'>obscuritate</span> <span class='ocrx_word' id='word_1_147' title='bbox 538 2195 641 2258; x_wconf 83' lang='lat' dir='ltr'>Taciti</span> <span class='ocrx_word' id='word_1_148' title='bbox 673 2197 842 2279; x_wconf 86' lang='lat' dir='ltr'>querentes</span> <span class='ocrx_word' id='word_1_149' title='bbox 875 2191 982 2276; x_wconf 86' lang='lat' dir='ltr'>audio,</span> 
     </span>
     <span class='ocr_line' id='line_1_24' title="bbox 13 2279 979 2366; baseline 0.005 -27"><span class='ocrx_word' id='word_1_150' title='bbox 13 2279 140 2361; x_wconf 62' lang='grc' dir='ltr'>Ι000110,</span> <span class='ocrx_word' id='word_1_151' title='bbox 180 2302 278 2363; x_wconf 88' lang='lat' dir='ltr'>quam</span> <span class='ocrx_word' id='word_1_152' title='bbox 315 2282 453 2345; x_wconf 87' lang='lat' dir='ltr'>libenter</span> <span class='ocrx_word' id='word_1_153' title='bbox 484 2281 631 2346; x_wconf 90' lang='lat' dir='ltr'>homines</span> <span class='ocrx_word' id='word_1_154' title='bbox 663 2283 790 2366; x_wconf 86' lang='lat' dir='ltr'>culpam</span> <span class='ocrx_word' id='word_1_155' title='bbox 823 2303 914 2345; x_wconf 89' lang='lat' dir='ltr'>suam</span> <span class='ocrx_word' id='word_1_156' title='bbox 945 2281 979 2344; x_wconf 91' lang='lat' dir='ltr'>in</span> 
     </span>
     <span class='ocr_line' id='line_1_25' title="bbox 36 2365 976 2453; baseline 0.007 -28"><span class='ocrx_word' id='word_1_157' title='bbox 36 2365 101 2430; x_wconf 83' lang='lat' dir='ltr'>alios</span> <span class='ocrx_word' id='word_1_158' title='bbox 127 2369 314 2453; x_wconf 88' lang='lat' dir='ltr'>conferant,</span> <span class='ocrx_word' id='word_1_159' title='bbox 341 2373 526 2452; x_wconf 85' lang='lat' dir='ltr'>quantoque</span> <span class='ocrx_word' id='word_1_160' title='bbox 553 2371 679 2435; x_wconf 83' lang='lat' dir='ltr'>facilius</span> <span class='ocrx_word' id='word_1_161' title='bbox 707 2370 816 2434; x_wconf 86' lang='lat' dir='ltr'>omnia</span> <span class='ocrx_word' id='word_1_162' title='bbox 843 2369 907 2433; x_wconf 88' lang='lat' dir='ltr'>alia</span> <span class='ocrx_word' id='word_1_163' title='bbox 930 2390 976 2432; x_wconf 89' lang='lat' dir='ltr'>ac·</span> 
     </span>
     <span class='ocr_line' id='line_1_26' title="bbox 37 2457 980 2542; baseline 0.004 -27"><span class='ocrx_word' id='word_1_164' title='bbox 37 2459 132 2520; x_wconf 87' lang='lat' dir='ltr'>cusent</span> <span class='ocrx_word' id='word_1_165' title='bbox 174 2479 274 2540; x_wconf 89' lang='lat' dir='ltr'>quam</span> <span class='ocrx_word' id='word_1_166' title='bbox 314 2458 512 2542; x_wconf 89' lang='lat' dir='ltr'>semetipsos.</span> <span class='ocrx_word' id='word_1_167' title='bbox 566 2457 667 2527; x_wconf 82' lang='lat' dir='ltr'>Simul</span> <span class='ocrx_word' id='word_1_168' title='bbox 708 2458 787 2522; x_wconf 91' lang='lat' dir='ltr'>mihi</span> <span class='ocrx_word' id='word_1_169' title='bbox 823 2457 912 2521; x_wconf 89' lang='lat' dir='ltr'>venit</span> <span class='ocrx_word' id='word_1_170' title='bbox 945 2457 980 2519; x_wconf 93' lang='lat' dir='ltr'>in</span> 
     </span>
     <span class='ocr_line' id='line_1_27' title="bbox 36 2542 980 2630; baseline 0.006 -28"><span class='ocrx_word' id='word_1_171' title='bbox 36 2547 161 2608; x_wconf 89' lang='lat' dir='ltr'>nentem</span> <span class='ocrx_word' id='word_1_172' title='bbox 186 2545 273 2609; x_wconf 86' lang='lat' dir='ltr'>senis</span> <span class='ocrx_word' id='word_1_173' title='bbox 292 2545 470 2630; x_wconf 85' lang='lat' dir='ltr'>cuiusdam,</span> <span class='ocrx_word' id='word_1_174' title='bbox 494 2547 532 2610; x_wconf 92' lang='lat' dir='ltr'>de</span> <span class='ocrx_word' id='word_1_175' title='bbox 556 2569 618 2630; x_wconf 92' lang='lat' dir='ltr'>quc</span> <span class='ocrx_word' id='word_1_176' title='bbox 642 2546 764 2611; x_wconf 88' lang='lat' dir='ltr'>urbane</span> <span class='ocrx_word' id='word_1_177' title='bbox 783 2542 980 2630; x_wconf 72' lang='lat' dir='ltr'>Seneca***)</span> 
     </span>
     <span class='ocr_line' id='line_1_28' title="bbox 35 2632 981 2716; baseline 0.004 -25"><span class='ocrx_word' id='word_1_178' title='bbox 35 2636 142 2716; x_wconf 77' lang='lat' dir='ltr'>uenat,</span> <span class='ocrx_word' id='word_1_179' title='bbox 181 2654 270 2716; x_wconf 88' lang='lat' dir='ltr'>eum,</span> <span class='ocrx_word' id='word_1_180' title='bbox 301 2654 374 2696; x_wconf 88' lang='lat' dir='ltr'>cum</span> <span class='ocrx_word' id='word_1_181' title='bbox 405 2634 521 2698; x_wconf 87' lang='lat' dir='ltr'>aetatis</span> <span class='ocrx_word' id='word_1_182' title='bbox 557 2635 636 2698; x_wconf 84' lang='lat' dir='ltr'>vitio</span> <span class='ocrx_word' id='word_1_183' title='bbox 673 2635 779 2698; x_wconf 88' lang='lat' dir='ltr'>minus</span> <span class='ocrx_word' id='word_1_184' title='bbox 815 2632 981 2697; x_wconf 88' lang='lat' dir='ltr'>commode</span> 
     </span>
     <span class='ocr_line' id='line_1_29' title="bbox 36 2719 981 2806; baseline 0.005 -27"><span class='ocrx_word' id='word_1_185' title='bbox 36 2719 119 2784; x_wconf 86' lang='lat' dir='ltr'>oculis</span> <span class='ocrx_word' id='word_1_186' title='bbox 136 2724 299 2804; x_wconf 86' lang='lat' dir='ltr'>uteretur,</span> <span class='ocrx_word' id='word_1_187' title='bbox 321 2721 356 2784; x_wconf 92' lang='lat' dir='ltr'>in</span> <span class='ocrx_word' id='word_1_188' title='bbox 379 2722 590 2806; x_wconf 89' lang='lat' dir='ltr'>quodcunque</span> <span class='ocrx_word' id='word_1_189' title='bbox 614 2722 795 2786; x_wconf 88' lang='lat' dir='ltr'>cubiculum</span> <span class='ocrx_word' id='word_1_190' title='bbox 816 2721 981 2805; x_wconf 85' lang='lat' dir='ltr'>ingressus</span> 
     </span>
     <span class='ocr_line' id='line_1_30' title="bbox 36 2809 980 2894; baseline 0.005 -28"><span class='ocrx_word' id='word_1_191' title='bbox 36 2811 119 2892; x_wconf 83' lang='lat' dir='ltr'>esset,</span> <span class='ocrx_word' id='word_1_192' title='bbox 143 2809 251 2872; x_wconf 89' lang='lat' dir='ltr'>dicere</span> <span class='ocrx_word' id='word_1_193' title='bbox 275 2809 419 2893; x_wconf 79' lang='lat' dir='ltr'>solitum,</span> <span class='ocrx_word' id='word_1_194' title='bbox 441 2810 521 2874; x_wconf 91' lang='lat' dir='ltr'>illud</span> <span class='ocrx_word' id='word_1_195' title='bbox 543 2832 658 2894; x_wconf 85' lang='lat' dir='ltr'>parum</span> <span class='ocrx_word' id='word_1_196' title='bbox 679 2811 876 2874; x_wconf 84' lang='lat' dir='ltr'>luminosum</span> <span class='ocrx_word' id='word_1_197' title='bbox 899 2829 980 2871; x_wconf 91' lang='lat' dir='ltr'>esse:</span> 
     </span>
     <span class='ocr_line' id='line_1_31' title="bbox 36 2895 981 2982; baseline 0.005 -29"><span class='ocrx_word' id='word_1_198' title='bbox 36 2895 161 2961; x_wconf 86' lang='lat' dir='ltr'>maiores</span> <span class='ocrx_word' id='word_1_199' title='bbox 190 2896 349 2962; x_wconf 87' lang='lat' dir='ltr'>fenestras</span> <span class='ocrx_word' id='word_1_200' title='bbox 377 2897 446 2960; x_wconf 90' lang='lat' dir='ltr'>ficri</span> <span class='ocrx_word' id='word_1_201' title='bbox 474 2899 661 2982; x_wconf 86' lang='lat' dir='ltr'>oportuisse.</span> <span class='ocrx_word' id='word_1_202' title='bbox 702 2897 816 2963; x_wconf 90' lang='lat' dir='ltr'>Habeo</span> <span class='ocrx_word' id='word_1_203' title='bbox 844 2900 877 2960; x_wconf 93' lang='lat' dir='ltr'>et</span> <span class='ocrx_word' id='word_1_204' title='bbox 903 2895 981 2980; x_wconf 89' lang='lat' dir='ltr'>ipse,</span> 
     </span>
     <span class='ocr_line' id='line_1_32' title="bbox 34 2983 981 3070; baseline 0.004 -28"><span class='ocrx_word' id='word_1_205' title='bbox 34 2983 209 3068; x_wconf 84' lang='lat' dir='ltr'>utinamque</span> <span class='ocrx_word' id='word_1_206' title='bbox 230 2985 285 3049; x_wconf 92' lang='lat' dir='ltr'>diu</span> <span class='ocrx_word' id='word_1_207' title='bbox 303 2985 454 3070; x_wconf 80' lang='lat' dir='ltr'>habeam,</span> <span class='ocrx_word' id='word_1_208' title='bbox 476 2987 629 3070; x_wconf 83' lang='lat' dir='ltr'>amicum,</span> <span class='ocrx_word' id='word_1_209' title='bbox 651 2985 815 3051; x_wconf 91' lang='lat' dir='ltr'>hominem</span> <span class='ocrx_word' id='word_1_210' title='bbox 833 2983 981 3067; x_wconf 89' lang='lat' dir='ltr'>inprimis</span> 
     </span>
     <span class='ocr_line' id='line_1_33' title="bbox 34 3071 980 3158; baseline 0.004 -26"><span class='ocrx_word' id='word_1_211' title='bbox 34 3072 196 3157; x_wconf 76' lang='lat' dir='ltr'>eruditum,</span> <span class='ocrx_word' id='word_1_212' title='bbox 218 3074 265 3138; x_wconf 88' lang='lat' dir='ltr'>ita</span> <span class='ocrx_word' id='word_1_213' title='bbox 285 3095 406 3157; x_wconf 89' lang='lat' dir='ltr'>senem,</span> <span class='ocrx_word' id='word_1_214' title='bbox 429 3077 467 3137; x_wconf 90' lang='lat' dir='ltr'>ut</span> <span class='ocrx_word' id='word_1_215' title='bbox 486 3096 589 3138; x_wconf 89' lang='lat' dir='ltr'>annos</span> <span class='ocrx_word' id='word_1_216' title='bbox 607 3095 707 3158; x_wconf 88' lang='lat' dir='ltr'>prope</span> <span class='ocrx_word' id='word_1_217' title='bbox 729 3074 807 3156; x_wconf 89' lang='lat' dir='ltr'>iam,</span> <span class='ocrx_word' id='word_1_218' title='bbox 830 3071 980 3156; x_wconf 86' lang='lat' dir='ltr'>quemad-</span> 
     </span>
     <span class='ocr_line' id='line_1_34' title="bbox 33 3159 982 3246; baseline 0.007 -27"><span class='ocrx_word' id='word_1_219' title='bbox 33 3159 151 3224; x_wconf 86' lang='lat' dir='ltr'>modum</span> <span class='ocrx_word' id='word_1_220' title='bbox 171 3161 228 3224; x_wconf 83' lang='lat' dir='ltr'>ait</span> <span class='ocrx_word' id='word_1_221' title='bbox 254 3159 472 3246; x_wconf 68' lang='lat' dir='ltr'>Iuvenalisi),</span> <span class='ocrx_word' id='word_1_222' title='bbox 500 3162 611 3226; x_wconf 85' lang='lat' dir='ltr'>dextra</span> <span class='ocrx_word' id='word_1_223' title='bbox 638 3163 810 3246; x_wconf 88' lang='lat' dir='ltr'>computet.</span> <span class='ocrx_word' id='word_1_224' title='bbox 846 3160 880 3225; x_wconf 91' lang='lat' dir='ltr'>ls</span> <span class='ocrx_word' id='word_1_225' title='bbox 908 3181 982 3226; x_wconf 90' lang='lat' dir='ltr'>cum</span> 
     </span>
     <span class='ocr_line' id='line_1_35' title="bbox 34 3247 981 3334; baseline 0.01 -29"><span class='ocrx_word' id='word_1_226' title='bbox 34 3247 192 3312; x_wconf 87' lang='lat' dir='ltr'>surdaster</span> <span class='ocrx_word' id='word_1_227' title='bbox 219 3252 325 3314; x_wconf 89' lang='lat' dir='ltr'>aetate</span> <span class='ocrx_word' id='word_1_228' title='bbox 353 3249 459 3314; x_wconf 87' lang='lat' dir='ltr'>factus</span> <span class='ocrx_word' id='word_1_229' title='bbox 488 3251 543 3334; x_wconf 88' lang='lat' dir='ltr'>sit,</span> <span class='ocrx_word' id='word_1_230' title='bbox 570 3271 665 3334; x_wconf 90' lang='lat' dir='ltr'>saepe</span> <span class='ocrx_word' id='word_1_231' title='bbox 692 3271 818 3314; x_wconf 90' lang='lat' dir='ltr'>mecum</span> <span class='ocrx_word' id='word_1_232' title='bbox 844 3271 919 3315; x_wconf 83' lang='lat' dir='ltr'>vero</span> <span class='ocrx_word' id='word_1_233' title='bbox 943 3271 981 3314; x_wconf 90' lang='lat' dir='ltr'>ac</span> 
     </span>
    </p>
   </div>
   <div class='ocr_carea' id='block_1_3' title="bbox 33 3456 979 3597">
    <p class='ocr_par' dir='ltr' id='par_1_4' title="bbox 33 3456 979 3597">
     <span class='ocr_line' id='line_1_36' title="bbox 76 3456 979 3528; baseline 0.001 -17"><span class='ocrx_word' id='word_1_234' title='bbox 76 3458 99 3525; x_wconf 69' lang='lat'>²⁸)</span> <span class='ocrx_word' id='word_1_235' title='bbox 118 3457 250 3527; x_wconf 79' lang='lat' dir='ltr'>Sympos.</span> <span class='ocrx_word' id='word_1_236' title='bbox 269 3457 316 3512; x_wconf 90' lang='lat' dir='ltr'>IV.</span> <span class='ocrx_word' id='word_1_237' title='bbox 337 3459 444 3527; x_wconf 88' lang='lat' dir='ltr'>quaest.</span> <span class='ocrx_word' id='word_1_238' title='bbox 465 3463 489 3512; x_wconf 80' lang='lat'>5.</span> <span class='ocrx_word' id='word_1_239' title='bbox 544 3460 586 3525; x_wconf 81' lang='grc'>**)</span> <span class='ocrx_word' id='word_1_240' title='bbox 605 3457 652 3514; x_wconf 88' lang='lat'>111.</span> <span class='ocrx_word' id='word_1_241' title='bbox 668 3465 691 3514; x_wconf 75' lang='lat'>7.</span> <span class='ocrx_word' id='word_1_242' title='bbox 711 3464 752 3512; x_wconf 83' lang='lat'>21.</span> <span class='ocrx_word' id='word_1_243' title='bbox 812 3459 870 3528; x_wconf 84' lang='lat'>***)</span> <span class='ocrx_word' id='word_1_244' title='bbox 889 3456 979 3526; x_wconf 78' lang='lat' dir='ltr'>Epist.</span> 
     </span>
     <span class='ocr_line' id='line_1_37' title="bbox 33 3526 376 3597; baseline 0.02 -22"><span class='ocrx_word' id='word_1_245' title='bbox 33 3526 376 3597; x_wconf 52' lang='lat' dir='ltr'>sommam</span> 
     </span>
    </p>
   </div>
   <div class='ocr_carea' id='block_1_4' title="bbox 74 3621 817 3668">
    <p class='ocr_par' dir='ltr' id='par_1_5' title="bbox 74 3621 817 3668">
     <span class='ocr_line' id='line_1_38' title="bbox 74 3621 817 3668; baseline 0.007 -5"><span class='ocrx_word' id='word_1_246' title='bbox 74 3622 172 3664; x_wconf 67' lang='lat' dir='ltr'>Meam</span> <span class='ocrx_word' id='word_1_247' title='bbox 187 3633 222 3666; x_wconf 82' lang='lat' dir='ltr'>on.</span> <span class='ocrx_word' id='word_1_248' title='bbox 778 3621 817 3668; x_wconf 78' lang='lat'>&#39;11</span> 
     </span>
    </p>
   </div>
   <div class='ocr_carea' id='block_1_5' title="bbox 0 0 1170 3944">
    <p class='ocr_par' dir='ltr' id='par_1_6' title="bbox 0 0 1170 3944">
     <span class='ocr_line' id='line_1_39' title="bbox 0 0 1170 3944; baseline 0 0"><span class='ocrx_word' id='word_1_249' title='bbox 0 0 1170 3944; x_wconf 95' lang='lat' dir='ltr'> </span> 
     </span>
    </p>
   </div>
  </div>
 </body>
</html>
