2368 3956
211 253 272 319 148
578 249 663 306 VAR.
681 248 785 304 LEGT.

445 433 490 445 --
512 416 576 462 πον
597 395 665 460 olio
687 395 836 473 laborum,

255 485 282 552 0
303 487 402 570 νίνου,
423 505 504 551 νονο
526 487 571 550 mi
591 484 687 566 faeie
709 485 873 566 inopinave
893 483 999 572 serpit.

257 573 373 640 Omnia
389 575 534 658 praecopi
555 579 646 656 arque
666 573 772 638 animo
794 591 911 638 meeum
932 576 1003 636 ooo
1018 571 1115 654 perspi.

209 679 271 756 Qui
302 680 432 766 quidem
463 679 563 745 videri
598 701 666 744 non
686 675 859 744 'immerito
894 677 998 762 possit
1030 677 1086 741 hoo
1113 697 1140 738 ex

208 768 369 854 Aeschylo
400 768 587 854 sumpsisse,
615 767 701 852 apud
728 788 824 852 quem
846 763 1082 850 Prometheue¹)
1106 764 1141 826 ite

208 858 241 923 lo
265 859 365 922 uitur:

243 881 374 1012 qKoa'roe
395 948 431 1010 τί
449 970 550 1031 φημι;
572 940 682 1010 πάντα
703 938 984 1030 προύξεπίστνμοιι

253 1035 416 1120 Σκεθοῶς
436 1029 477 1098 τὰ
499 1027 665 1142 βέλλονί·
689 1027 773 1110 οὐδέ
791 1057 849 1118 μοι
870 1036 1046 1100 ποταίνιον

253 1117 344 1207 Πῆμ’
371 1115 472 1186 οὐδὲν
495 1120 575 1206 pter.

620 1211 655 1276 id
677 1213 740 1276 est:
1086 1283 1089 1294 ‚

255 1299 451 1383 anoquom
473 1300 550 1384 qaid
569 1299 644 1366 oio?
666 1303 775 1366 coacto
793 1301 942 1382 proemoi
963 1299 1072 1383 optione

252 1389 394 1468 Futoro;
415 1409 471 1454 noo
491 1393 621 1456 uenturo
642 1389 805 1456 catamitos
825 1389 905 1455 milei

252 1478 392 1560 Ioopioa
412 1479 575 1562 quispam
597 1481 649 1543 est.

540 1671 684 1739 CAPUT
708 1671 828 1738 XXIII.

209 1790 409 1848 SECUNDAM
417 1791 623 1849 FORTUNAM
632 1793 814 1849 DIFFIGILE
823 1791 942 1860 unsel,
955 1787 1148 1847 MULTORUM

209 1879 379 1937 GRAVIUM
393 1879 628 1937 SCRIPTORUM
642 1881 876 1937 TESTIMONIIS
886 1877 1147 1936 CONFIRMATUM.

276 1989 415 2058 (iterem
428 1990 601 2058 admodum
615 1992 809 2057 sententiam
822 1989 970 2076 Gobryae
984 1988 1149 2074 Xenophon

209 2079 311 2163 dedit,
338 2101 498 2165 quamque
526 2079 713 2163 quotidiana
740 2079 938 2166 experientia
964 2101 1076 2146 veram
1096 2097 1149 2142 esse

209 2167 364 2233 declarat:
398 2168 562 2235 difficilius
598 2167 746 2234 videlieet
780 2167 927 2254 reperiri,
964 2169 1023 2254 qui
1059 2187 1150 2233 seeun-

208 2255 296 2340 dam‚
328 2278 425 2340 quem
456 2256 511 2340 qui
543 2256 709 2322 adversam
739 2257 905 2322 fortunam
936 2258 1022 2322 bene
1052 2257 1151 2321 ferant.

209 2339 365 2409 Secundis
380 2344 479 2408 enim
505 2345 601 2410 rebus
628 2345 827 2412 insolescunt
852 2346 997 2431 plerique
1020 2345 1152 2411 homines

210 2435 243 2496 et
257 2433 448 2497 efferuntur:
463 2433 606 2499 adversis
621 2456 733 2500 omnes
743 2435 784 2499 ed
797 2435 1048 2518 temperantiam
1061 2433 1152 2499 mode-

208 2520 431 2606 rationemque
453 2525 653 2587 revooantur.
689 2521 727 2588 Id
751 2523 836 2610 quod
858 2523 912 2588 ille
935 2524 1095 2610 expressit
1113 2521 1154 2585 his

208 2605 363 2694 verbis²):
388 2609 481 2674 δοκεῖ
502 2607 541 2674 δέ
561 2634 634 2695 μοι,
656 2599 806 2696 uiKripe,
830 2608 1062 2697 χαλεπώτερον
1084 2606 1155 2676 εἶναι

209 2693 320 2783 εὑρεῖν
342 2692 451 2783 ἄνδρα
478 2690 610 2782 τάγαθὰ
637 2699 745 2778 καλῶς
767 2698 928 2786 φέροντα,
955 2693 977 2784 ἢ
1007 2697 1051 2766 τὰ
1073 2693 1153 2765 κακά·

208 2783 248 2851 τὰ
270 2783 333 2871 μὲν
355 2783 420 2871 γὰρ
442 2781 627 2872 ὕβριντοΐς
644 2793 794 2872 πολλοῖς,
816 2784 857 2853 τὰ
880 2784 918 2854 δὲ
941 2785 1139 2876 σωφροσύνη

209 2885 279 2952 τοῖς
300 2877 404 2940 πᾶσιν
427 2873 563 2958 ἐμποιεῖ.
607 2875 650 2940 Μ.
674 2879 782 2943 eutem
804 2875 885 2944 (teto
908 2877 962 2942 ille
985 2877 1148 2945 Censorius

209 2964 270 3028 etsi
292 2963 555 3049 aXenophonte‚
576 2967 614 3030 ut
628 2965 761 3052 opinor,
780 2987 848 3033 non
865 2967 1031 3052 hauserat,
1055 2971 1092 3032 ut
1112 2989 1148 3050 qu

209 3074 229 3114 a
242 3051 372 3118 Graecis
386 3052 503 3119 litteris
518 3053 718 3140 abhorreret,
740 3077 841 3140 prope
854 3058 964 3121 temen
979 3056 1069 3122 idem
1083 3057 1147 3120 dixe

208 3143 260 3202 ret
287 3141 322 3204 in
350 3141 504 3208 Oratione
535 3163 595 3227 pro
626 3141 875 3210 Rhodiensibus.
927 3143 979 3210 Ex
1009 3165 1050 3210 ea
1082 3145 1150 3209 enin

209 3226 381 3316 eitentn³)
407 3230 501 3296 haee:
533 3231 689 3313 Advorsae
714 3253 763 3300 ros
788 3253 820 3298 se
846 3235 973 3298 domam
998 3239 1029 3298 et
1054 3236 1150 3299 ἄνοον

208 3316 284 3398 qaid
304 3336 380 3399 opus
401 3320 443 3384 eit
461 3321 566 3401 soom:
588 3322 736 3389 eeouodoe
748 3341 797 3390 res
819 3321 936 3389 λονλλλνο
956 3327 1156 3388 naamanin

236 3455 466 3524 ·humm
632 3465 638 3500 Γ

281 3525 302 3591 ²)
322 3525 383 3594 cyr.
402 3525 477 3580 nn.
496 3533 514 3580 4
543 3535 584 3582 ιλ.

280 3569 621 3660 omnimo
