2330 3944
360 187 494 242 ORATIO
513 187 586 244 XVI.
887 187 950 254 163

43 331 135 394 Infanti
154 333 317 414 melimela3
340 331 419 396 mihi
442 335 550 396 autem
572 332 745 403 misceatur
772 337 877 398 crater
898 335 953 399 ille

41 417 175 498 πικριζων.
214 419 277 485 Sed
303 421 383 484 istae
411 419 520 484 fatuae
548 419 587 484 de
611 420 724 486 Tacito
752 423 953 506 conquestio·

41 531 79 571 nes
96 512 261 572 assecutum
285 530 354 572 esse
377 529 463 591 eum,
490 509 576 591 quod
599 509 951 594 volebatsostendunt.

40 596 195 661 lnitendum
216 597 303 662 enim
317 597 378 660 sibi
393 596 611 680 Thucydidem
624 602 848 682 proposuerat,
870 599 951 662 eius-

41 707 81 766 que
99 707 126 748 se
146 686 178 748 in
199 685 366 750 scribendo
395 685 591 748 simillimum
620 705 689 749 esse
718 687 875 769 cupiebat.
910 686 951 750 In

42 771 184 856 Thucydide
207 777 315 838 autem
337 777 370 836 et
393 773 571 837 obscuritas
595 776 628 836 et
650 774 806 857 asperitas
820 777 952 838 notatur
1001 855 1004 860 Ι

41 859 181 946 aGraecis,
203 866 236 926 et
253 866 389 945 utraque
407 861 493 924 inter
510 861 645 924 virtutes
662 861 762 946 illius,
782 883 850 926 non
868 862 953 925 inter

40 947 93 1010 sitia
111 954 299 1013 numeratur.
335 948 536 1033 Quamquam
559 949 645 1012 enim
666 949 755 1013 nuda
777 953 810 1014 et
831 951 950 1036 perspi·

39 1056 77 1097 cna
99 1039 191 1102 oratio
219 1039 369 1121 delectat,
396 1037 559 1101 interdum
584 1039 695 1101 tamen
722 1038 757 1101 in
785 1039 951 1104 scribendo

40 1124 91 1186 certi
119 1126 278 1190 cuiusdam
332 1126 436 1190 eneris
467 1125 619 1189 laudatur
646 1125 837 1211 obscuritas,
871 1148 952 1211 quae

39 1213 176 1277 arationem
202 1237 224 1278 a
259 1146 386 1298 rulggari
416 1212 569 1297 loquendi
597 1215 827 1278 consuetudine
855 1215 952 1278 abdu-

39 1319 97 1382 cens,
119 1323 153 1364 ex
178 1303 250 1386 ipsa
277 1302 507 1387 peregrinitate
535 1301 727 1386 dignitatem
755 1303 784 1366 ei
806 1303 952 1366 maiesta-

38 1389 127 1470 temque
142 1390 295 1454 conciliat
317 1393 351 1454 et
373 1391 586 1455 attentionem
603 1390 781 1474 legentium
800 1390 953 1454 continet.

38 1472 83 1537 lloc
108 1478 191 1560 quasi
224 1479 332 1542 velum
364 1482 425 1563 est,
462 1479 548 1562 quod
580 1477 726 1560 profanis
759 1477 952 1542 obtenditur.

37 1557 69 1624 Sic
91 1567 201 1650 templa
236 1567 411 1630 sublustris
424 1565 658 1655 ‘ingredientes
691 1585 781 1630 sacro
814 1566 952 1650 quodam

35 1647 130 1716 honore
151 1654 375 1738 perfundunt.
424 1653 591 1738 Asperitas
632 1657 739 1718 autem
776 1655 833 1718 illa
868 1655 953 1718 idem

35 1737 100 1817 plane
122 1747 181 1826 est,
215 1743 303 1826 quod
334 1743 370 1806 in
396 1743 472 1807 vino
501 1743 677 1826 amarities3
709 1763 791 1826 quae
822 1744 857 1806 in
890 1765 953 1826 quo

35 1829 75 1908 est,
105 1829 133 1893 id
167 1832 291 1915 optime
330 1829 414 1894 ferre
451 1833 644 1895 vetrsststem
680 1834 821 1914 putatur.
871 1829 954 1894 Eam

36 1908 112 1980 Gnaei
131 1919 176 1982 ita
204 1940 277 1983 esse
304 1920 339 1984 in
362 1917 547 2003 Thucydide
575 1923 763 2004 perpetuam
789 1921 954 2001 notarunt,

33 2005 68 2082 ut,
95 2025 157 2070 cum
192 2008 250 2073 ille
288 2007 323 2070 in
358 2007 477 2090 piaculi
514 2005 641 2091 Cylonii
676 2006 861 2070 narratione
899 2006 954 2068 ali-

34 2089 197 2238 quidesse
228 2095 268 2159 de
295 2096 454 2160 industria
480 2089 668 2179 remisisset,
693 2095 821 2158 leonem
847 2093 955 2157 risisse

48 2177 120 2245 icant.

77 2266 214 2354 Sequitur
238 2276 402 2356 postrema
419 2272 625 2356 reprehensio
644 2293 769 2354 eorum,
792 2271 859 2355 qui,
882 2291 956 2335 cum

33 2349 110 2423 Tacito
140 2365 250 2426 cetera
282 2360 472 2444 concedant,
502 2362 585 2425 male
618 2381 690 2424 eum
723 2358 839 2423 Latine
869 2360 956 2424 locu·

33 2442 78 2504 tun
99 2447 218 2513 dolent:
253 2449 343 2512 cuius
371 2449 549 2513 calumniae
576 2447 723 2512 Andreas
750 2447 895 2514 Aleiatus
923 2449 957 2510 et

32 2525 151 2602 Aemilius
175 2537 345 2620 Ferretus,
374 2558 509 2620 quonam
530 2540 641 2601 tamen
662 2541 796 2620 uterque
818 2535 956 2599 multum

33 2636 114 2699 operae
139 2625 180 2690 ad
208 2625 438 2690 illustrandum
466 2625 613 2690 Tacitum
640 2625 833 2709 contulerat,
860 2625 956 2707 primi

32 2712 142 2777 ancones
178 2715 325 2778 fuerunt
370 2712 490 2788 Quodsi
525 2714 588 2797 ipsi
622 2715 691 2776 tam
726 2713 808 2776 bene
840 2711 955 2775 Latine

32 2797 214 2886 scripsissent,
248 2823 345 2885 quarn
377 2801 439 2865 sibi
470 2801 675 2885 videbantur,
709 2801 859 2865 nonnihil
891 2800 955 2864 for-

32 2881 90 2949 tasse
120 2911 181 2955 nos
218 2891 350 2954 illorum
386 2893 601 2955 commoveret
632 2890 815 2953 auctoritas.
859 2885 956 2952 Nunc

31 2988 80 3034 cun
96 2981 229 3062 uterque
254 2999 366 3044 eorum
388 2978 546 3042 nonnulla
569 2978 696 3061 quidem
718 2977 766 3040 ita
786 2975 956 3058 scripserit,

21 3063 55 3118 *lt
74 3064 173 3130 eadem
196 3065 326 3150 Venus,
353 3067 464 3130 eadem
488 3065 637 3149 Suadela,
665 3086 747 3148 quae
774 3065 809 3127 in
831 3061 957 3127 Bartoli

29 3141 99 3214 labris
124 3155 348 3238 cessitaverat,
379 3154 495 3218 horum
523 3168 648 3238 quoque
675 3153 775 3217 labris
801 3152 957 3216 insedisse

21 3233 157 3326 talesan,
184 3243 222 3307 in
250 3243 367 3327 quibus
395 3247 502 3306 autem
531 3243 680 3306 cultiores
704 3263 741 3306 ac
765 3241 957 3326 comptiores

29 3341 75 3388 use
100 3331 289 3415 voluerunt,
321 3331 522 3396 ostenderint
552 3335 671 3414 tamen,
701 3350 743 3394 ne
776 3330 853 3414 quid
885 3350 957 3415 gra-

21 3410 76 3480 ]rius
103 3417 222 3503 dicam,
254 3441 288 3484 se
321 3420 457 3484 aliarum
488 3441 608 3502 rerum,
644 3440 741 3502 quarn
773 3419 959 3482 deliciarum

29 3493 109 3570 [atini
143 3508 305 3572 sermonis
340 3508 608 3593 intelligentiores
643 3507 755 3571 fuisse:
793 3506 869 3590 quid
901 3509 958 3589 est,

745 3611 799 3661 11*
