2368 3956
194 172 259 237 136
564 171 649 228 VAR.
668 171 771 227 Lacr.

191 317 278 394 Quin
301 317 398 382 etiam
413 317 481 383 eius
498 317 546 382 rei
568 317 773 402 ignoratione
795 315 831 381 in
845 317 1034 402 quibusdem
1051 317 1136 382 libris

189 427 206 471 c
228 407 357 488 mystica
378 406 499 471 iactum
523 409 573 471 est
593 406 717 472 metuo.
763 404 936 472 Sciendum
959 409 1064 470 autem
1085 412 1135 489 est,

189 495 225 560 in
248 495 288 558 iis
303 493 429 560 Cereris
452 495 561 578 sacris,
584 515 666 578 quae
679 494 834 580 mysteria
856 494 1053 578 dicebantur,
1074 516 1137 559 eam

191 584 455 649 consuetudinem
485 583 599 666 fuisse,
635 586 673 647 ut
708 583 842 668 quisque
878 606 937 668 pro
974 605 1007 648 se
1040 581 1137 649 Cereri

189 671 612 826 tt32it²⁶i,·t¹rt3‘¹
629 671 1027 847 ttttllltdttt
1041 670 1137 824 {iil

191 852 241 914 set
263 812 368 914 rostrd
379 783 522 935 {unique
537 783 628 934 speri
641 811 873 934 intelcepisset,
888 850 930 914 ob
944 811 1043 934 idqrie
1057 849 1139 914 deam

191 938 259 1002 eius
287 938 383 1002 caede
411 937 550 1024 gaudere
586 938 765 1003 crederent:
797 959 853 1002 seu
884 938 971 1024 quod
1004 959 1022 1002 e
1055 937 1139 1002 suillo

189 1029 297 1091 rostro
321 1027 460 1090 arandae
482 1030 515 1091 et
536 1025 744 1091 invertendae
771 1029 874 1090 terrae
902 1026 987 1092 ratio
1011 1026 1139 1110 primum

191 1117 324 1197 accepta
350 1119 448 1180 esset:
476 1137 553 1180 nam
580 1115 614 1180 id
646 1135 773 1200 quoque
805 1114 899 1180 multi
928 1115 1138 1199 prodiderunt.

190 1201 305 1288 Neque
328 1225 406 1268 sane
429 1203 508 1268 satis
531 1204 683 1270 convenit
704 1205 790 1269 inter
802 1204 954 1288 antiques
977 1204 1139 1288 scriptores

191 1292 231 1356 de
253 1292 385 1371 caussis,
408 1293 450 1357 ob
473 1314 553 1376 ques
574 1293 637 1358 hoe
664 1297 722 1358 aut
749 1293 829 1356 illud
851 1293 973 1358 animal
997 1293 1072 1358 huie
1093 1295 1140 1355 aut

190 1381 238 1445 illi
261 1381 320 1446 deo
343 1381 572 1446 immolaretur.
616 1379 684 1446 Alii
711 1382 810 1465 enim,
838 1381 924 1466 quod
951 1383 1067 1468 cuique
1089 1379 1138 1444 deo

191 1470 412 1554 gratissimum
435 1473 528 1548 esset,
550 1470 640 1535 idad
658 1470 748 1535 illius
771 1491 844 1535 aras
857 1471 996 1534 mactari
1020 1470 1138 1535 solitum

191 1559 291 1622 aiunt.
339 1558 453 1643 Itaque
481 1579 581 1642 equus
608 1557 724 1624 Martis
751 1563 821 1624 erat
845 1558 967 1642 hostia3
1003 1562 1037 1623 et
1066 1557 1138 1644 quod

191 1667 268 1729 aper
295 1645 427 1711 Adonin
457 1646 684 1730 interfecisset,
720 1669 799 1731 apro
826 1645 949 1712 Veneri
975 1669 1046 1712 rem
1072 1647 1137 1711 diri·
1164 1715 1165 1724 ,

192 1755 270 1798 nam
292 1735 361 1798 fieri
383 1735 476 1800 nefas
500 1739 577 1800 erat.
613 1735 689 1818 Alii,
712 1737 798 1820 quod
820 1737 956 1821 quisque
970 1736 1052 1801 deus
1068 1735 1138 1799 odis-

191 1827 250 1907 set,
272 1823 340 1888 eius
362 1825 528 1908 potissime
555 1823 648 1888 illum
675 1825 771 1888 caede
799 1825 954 1890 oblectari
981 1825 1137 1909 putabant

190 1911 305 1997 Itaque
328 1911 427 1978 Nocti
450 1912 689 1978 sacrificabatur
711 1913 816 1998 gallus
834 1913 1045 1999 gallinaceus,
1067 1912 1137 1998 quod

191 2007 289 2065 cantu
317 2023 375 2067 suo
403 2003 488 2066 diem
514 2023 701 2086 provocare,
731 2003 861 2066 noctem
886 2003 1005 2088 fugare
1031 2002 1137 2067 ridere·

190 2093 257 2154 tur:
295 2111 392 2174 capra
428 2090 565 2174 Palladi,
606 2090 692 2176 quod
733 2091 837 2156 oleam
876 2091 1053 2177 insigniter
1086 2092 1137 2154 lae·

191 2178 290 2244 deret.
336 2178 397 2244 Sed
420 2183 494 2244 utra
520 2178 559 2244 de
587 2201 701 2244 caussa
726 2201 844 2263 porcus
872 2178 981 2245 Oereri
1010 2179 1136 2246 caderet:

190 2266 272 2330 illud
295 2271 380 2332 certe
404 2268 643 2352 observabatur,
665 2272 702 2332 ut
725 2271 758 2332 et
775 2269 987 2355 praepinguis
1011 2271 1094 2334 esset
1112 2270 1138 2330 et

191 2355 281 2418 nulla
314 2356 364 2420 sui
394 2359 486 2438 parte
518 2378 651 2421 mancus
684 2377 721 2422 ao
752 2357 899 2422 mutilus:
933 2357 1023 2442 quod
1054 2357 1136 2422 etiam

190 2443 340 2508 universe
362 2445 398 2508 in
410 2447 481 2509 toto
495 2445 697 2510 victimarum
712 2466 828 2530 genere
843 2447 1026 2512 servabant.
1061 2445 1136 2528 Ergo

192 2551 308 2614 porcos
331 2533 485 2617 mysticos
513 2539 568 2597 aut
594 2534 782 2618 mystericos
804 2536 976 2619 vocabant,
1002 2535 1058 2621 qui
1079 2533 1137 2618 pin·
1162 2551 1163 2560 ¹

192 2620 340 2704 guiseimi
376 2624 409 2686 et
444 2621 644 2706 integerrimi
676 2627 793 2688 essent.
850 2623 985 2688 Plautus
1018 2626 1137 2690 amoos

191 2729 292 2776 sacres
319 2708 455 2798 vocae).
501 2710 606 2786 Quare
638 2709 839 2798 Megarensis
870 2713 924 2778 ille
956 2711 1136 2796 Aristopha-

192 2795 317 2884 neusl),
345 2801 401 2884 qui
427 2800 510 2864 filias
538 2821 613 2863 suas
639 2821 699 2883 pro
721 2801 828 2884 porcis
849 2801 986 2867 vendere
1011 2801 1136 2885 cuperet,

192 2886 283 2952 iubet
310 2888 369 2972 eis,
399 2891 437 2952 ut
470 2909 598 2952 saccum
630 2887 794 2973 ingressae
820 2890 869 2954 ita
890 2890 1081 2976 grunniant,
1108 2891 1162 2956 ut,

190 2977 283 3059 porei
304 2977 465 3062 mysterial
489 2997 559 3041 esse
581 2975 763 3042 videantur:

236 3077 401 3165 Κῆπειτεν
425 3081 458 3159 ἐς
479 3077 540 3148 τὸν
562 3077 688 3147 σάκκον
710 3071 769 3148 ὧδ’
795 3081 971 3166 ἐςβαίνετε·

228 3165 335 3245 Ὅπως
358 3168 395 3234 δὲ
417 3169 617 3256 γρυλλιξεῖτε
638 3168 695 3235 καὶ
717 3170 840 3250 κοΐξετε

234 3250 376 3341 Χήσεῖτε
398 3255 518 3341 φωνὰν
541 3261 679 3344 χοιρίων
702 3260 923 3346 μυστηρικῶν.

266 3379 286 3446 ¹)
303 3379 371 3434 Met.
389 3379 449 3433 XV.
470 3386 529 3447 112,
549 3398 582 3434 ss.

264 3450 286 3519 ²)
304 3450 475 3505 Menaechm.
494 3452 527 3506 ΙΙ.
547 3457 572 3519 2,
593 3456 635 3509 15.

264 3521 286 3592 ⁸)
304 3521 423 3577 Acheru.
443 3526 503 3578 745.
521 3538 542 3576 s.
