2328 3956
372 188 552 247 EPISTOLA
569 190 640 246 LXI.
943 194 978 258 8]

41 335 129 400 numi.
167 333 229 400 Sed
251 337 285 398 et
298 333 476 400 Cardinalis
490 334 647 420 distensis,
671 337 766 402 simul
780 343 876 425 utque
889 339 986 406 istinc

40 423 138 507 rediit,
162 424 270 509 amplo
293 445 344 487 me
367 426 463 508 atque
486 423 662 492 honorifico
686 448 817 492 munere
841 428 985 493 donavit:

41 511 117 596 quod
148 532 209 597 ego
237 533 275 576 eo
302 513 407 597 magis
434 512 618 596 praedicere
651 515 769 599 gestio,
801 517 886 600 quod
917 517 986 601 ipse

39 607 135 666 tacere
163 623 215 664 me
242 600 343 666 iussit.
393 599 575 666 Parendum
602 605 713 668 tamen
740 607 801 687 est,
828 626 882 686 ne,
911 605 986 670 dum

40 693 141 773 gratus
169 689 283 755 haberi
309 690 395 773 volo,
429 711 480 754 me
512 690 560 754 illi
586 713 654 756 non
686 691 764 756 satis
791 693 987 778 morigerum

39 778 212 861 praebeam.
258 776 321 844 Sed
348 782 381 842 et
407 799 467 864 ego
496 779 665 846 scribendo
694 779 838 846 defessus
861 803 933 846 sum
956 786 987 846 et

40 867 246 952 suspicor,
269 889 342 932 eum
368 867 448 932 haee
470 869 538 932 tam
562 870 693 933 verbose
721 869 841 953 scripta
862 870 987 954 legeris,

41 956 152 1022 fessum
166 956 243 1022 fore.
271 955 361 1020 Vale.
375 955 507 1022 Romae.
521 957 602 1042 prid.
616 957 688 1022 Kal.
702 956 781 1021 Maii
794 977 986 1024 uuuxxvru.

431 1103 518 1112 ...ι-ι-
524 1099 591 1110 nna-

465 1185 547 1254 LXI.

222 1313 271 1386 M.
298 1314 541 1389 ANTONIUS
567 1315 792 1390 MURETUS

311 1449 431 1506 PAULO
451 1449 617 1506 SACRATO
636 1451 705 1507 SUO

481 1559 503 1600 S.
516 1559 544 1598 D.

98 1663 181 1730 Heri
199 1666 308 1749 aeeepi
331 1688 351 1729 a
372 1669 405 1730 te
428 1666 552 1731 litteras
578 1667 775 1752 reliquarum
796 1670 924 1732 tuarum
948 1665 989 1729 si·

43 1754 199 1838 minimas,
231 1755 265 1818 id
292 1758 341 1819 est
367 1775 510 1819 amorem
541 1758 575 1820 et
608 1756 799 1820 suavitatem
831 1755 920 1821 omni
951 1775 990 1818 ex

44 1849 124 1927 parte
149 1843 319 1928 spirantes.
364 1843 428 1908 Pro
457 1844 573 1927 quibus
597 1843 673 1928 quid
694 1845 767 1928 tibi,
790 1844 836 1908 mi
859 1845 990 1924 sacrate,
1027 1916 1030 1924 ,

44 1932 229 2017 respondere
242 1931 373 2017 possim,
396 1931 543 2016 equidem
565 1954 633 1997 nou
654 1932 755 1998 video.
791 1930 882 1997 Nihil
904 1931 990 1994 enim

44 2023 99 2086 iam
120 2021 247 2105 pridem
269 2021 359 2086 iubes
373 2042 424 2084 me
447 2024 504 2085 tua
526 2043 640 2086 caussa
652 2021 766 2102 faeere,
787 2041 891 2105 neque
906 2040 990 2102 sane,

45 2115 74 2174 ut
94 2113 172 2176 sunt
193 2114 352 2194 tempora,
379 2109 485 2193 video,
513 2110 637 2194 quain
664 2131 698 2176 re
725 2131 822 2194 opera
849 2129 921 2172 mea
942 2109 991 2172 uti

46 2199 150 2281 possis.
197 2197 260 2264 Sed
282 2199 310 2264 si
332 2198 410 2284 quid
433 2199 583 2282 evenerit,
604 2198 673 2264 noli
694 2219 812 2283 quaeso
837 2197 991 2280 dubitare,

47 2289 116 2371 quin
137 2288 166 2352 is
190 2307 268 2372 erga
288 2291 321 2352 te
345 2287 420 2371 sim,
444 2287 498 2372 qui
522 2287 622 2352 debeo
650 2291 683 2354 et
710 2288 765 2372 qui
788 2308 913 2370 semper
935 2285 990 2351 fui.

47 2375 118 2440 Mihi
144 2375 251 2459 erede,
277 2395 382 2462 neque
408 2379 441 2440 te
465 2376 636 2461 quiequam
662 2398 799 2461 usquam
822 2375 991 2440 amabilius

48 2469 96 2548 est,
117 2485 223 2550 neque
244 2467 281 2530 tu
296 2485 495 2551 quemquam
512 2464 611 2529 habes
631 2465 843 2530 amantiorem
866 2486 903 2530 ae
926 2468 992 2528 stu-

49 2553 211 2618 diosiorem
232 2555 294 2618 tui.
349 2551 412 2618 Sed
442 2553 521 2618 haee
551 2553 637 2618 inter
667 2575 728 2619 nos
759 2575 993 2638 supervacanea

49 2643 195 2708 videntur.
240 2641 337 2708 Mitto
361 2642 402 2706 ad
424 2645 456 2707 te
479 2642 624 2708 libellum
647 2643 816 2727 quendam,
840 2664 935 2727 quem
957 2643 992 2706 in

49 2731 176 2815 gratiam
206 2731 268 2796 τοῦ
298 2725 441 2809 ἀνεψιοῦ
477 2731 598 2816 scripsi.
659 2729 741 2796 Cum
773 2730 858 2794 euim
888 2731 992 2813 prima

50 2820 197 2886 elementa
224 2818 360 2886 Latinae
387 2819 517 2905 linguae
544 2820 574 2883 ei
604 2819 730 2884 tradere
756 2819 885 2903 vellem,
911 2818 993 2882 nihil

50 2910 238 2992 reperiebam
261 2909 302 2974 ed
329 2912 459 2993 captum
485 2911 553 2972 tam
580 2911 708 2973 tenerae
732 2907 847 2972 aetatis
871 2929 993 2970 aecem-

51 2998 213 3064 modatum.
257 2997 308 3063 Ea
329 3019 381 3062 res
404 2997 510 3081 eo'e'git
531 3017 583 3060 me
612 3017 844 3080 repuerascere.
879 2994 993 3079 Neque

52 3087 144 3170 magis
165 3087 199 3152 id
221 3086 303 3152 mibi
325 3087 466 3150 alienum
489 3088 545 3150 aut
567 3085 752 3150 indecorum
774 3087 867 3168 puto,
898 3106 994 3169 quam

53 3174 122 3238 olim
142 3175 293 3262 Agesilao
315 3177 379 3242 fuit
401 3174 596 3258 deprehendi
623 3195 696 3240 eum
717 3172 826 3238 filiolis
849 3174 993 3258 equitan-

53 3265 112 3326 tem
135 3265 168 3328 in
194 3265 350 3330 arundine
379 3264 488 3348 longa.
537 3262 588 3328 Tu
614 3262 694 3327 illud
721 3284 863 3348 carmen,
887 3266 994 3348 quale·

55 3370 166 3436 cunque
197 3357 259 3438 est,
291 3353 367 3437 quia
393 3372 500 3416 meum
532 3355 594 3434 est,
624 3352 776 3437 libenter,
807 3356 844 3417 ut
871 3353 993 3436 opinor,

57 3438 172 3506 videbis.
207 3441 298 3508 Vale.
321 3440 452 3507 Romae.
474 3457 542 3504 xvi.
564 3439 636 3505 Kal.
659 3439 735 3508 Dee.
758 3458 949 3506 uuuxxvur.

436 3602 594 3611 ..ο-οφ...-

101 3640 317 3688 Mmrrseaum
766 3639 782 3685 6
