2360 3944
173 166 215 229 68
540 161 678 216 ORATIO
697 161 758 216 vn.

172 311 254 375 rimo
279 312 430 394 quartum
456 307 521 371 iam
551 328 688 387 annum,
716 326 835 390 magna
863 305 1041 371 auditorum
1060 305 1110 369 fre-

173 399 319 484 quentia,
333 417 453 483 magna
467 395 566 460 animi
580 395 787 460 contentione
802 398 997 477 versantem,
1013 399 1112 477 vestra,

173 485 361 552 Cardinales
394 483 596 568 amplissimi,
633 483 669 546 in
700 483 805 548 medio
843 503 939 548 cursu
973 483 1112 565 insistere,

173 576 324 660 aliudque
351 596 469 640 munus
497 572 657 656 suscipere
685 571 792 656 eo'e'git
818 572 1001 637 auctoritas.
1035 569 1113 653 Nan,

173 685 247 730 cum
269 664 368 730 homo
395 659 681 745 eruditissimus*),
709 660 765 742 qui
792 660 957 724 tradendis
981 661 1113 742 eloquen-

172 752 238 816 tiae
261 753 441 837 praesepiis
464 751 499 814 in
521 750 583 814 hac
601 748 680 814 urbe
699 752 925 832 consenuerat,
949 752 982 813 et
1003 748 1113 812 adflicta

173 842 358 906 valetudine
390 844 423 904 et
454 840 525 926 ipsa
553 838 619 902 iam
650 840 756 902 aetate
789 837 892 902 otium
924 858 962 900 ao
994 838 1115 920 quietem

173 931 374 1014 postulante,
396 927 583 992 missionem
601 948 621 991 a
643 926 735 992 vobis
754 925 1016 998 honestissimam
1033 925 1114 1009 impe·

173 1023 306 1101 trasset,
342 1037 402 1081 nec
434 1017 463 1080 ei
498 1016 593 1080 facile
630 1035 795 1080 successor
830 1013 967 1080 idoneus
1001 1014 1116 1099 reperiri

173 1127 269 1192 posse
291 1105 466 1170 videretur:
494 1104 574 1169 mihi
596 1104 800 1188 potissimum
823 1103 1041 1169 mandandam
1061 1123 1116 1166 esse

174 1195 215 1259 ab
244 1216 282 1260 eo
311 1195 498 1260 derelictam
524 1193 701 1278 proviciam
729 1193 907 1258 censuistis.
943 1191 1065 1258 Parebo
1087 1191 1115 1254 li-

173 1283 269 1368 bens,
305 1287 343 1349 ut
379 1283 493 1364 debeo,
529 1281 716 1348 auctoritati
751 1285 891 1346 vestrae·
913 1303 1018 1366 neque
1052 1279 1116 1344 mihi

174 1372 351 1457 quidquam
377 1393 521 1457 unquam
548 1392 568 1435 a
594 1371 686 1436 vobis
718 1371 903 1454 imponetur
930 1375 989 1435 aut
1014 1369 1116 1434 laboris

174 1465 233 1525 aut
246 1463 367 1546 oneris,
381 1462 468 1546 quod
480 1481 548 1526 non
562 1481 622 1544 ego
637 1463 787 1544 prompto
803 1462 898 1542 atque
912 1459 1013 1524 alacri
1026 1458 1117 1522 anino

175 1549 321 1633 subeam,
358 1571 502 1632 quaeque
538 1549 618 1612 mihi
655 1571 675 1612 a
710 1547 802 1612 vobis
838 1547 997 1632 imperata
1031 1550 1117 1626 erunt,

174 1656 342 1719 nunquam
378 1640 435 1700 ant
471 1637 669 1720 aspernabor
704 1640 742 1702 nt
772 1636 868 1700 nimis
899 1635 1046 1718 humilia,
1074 1637 1118 1698 aut

174 1727 212 1786 ut
243 1724 339 1789 nimis
372 1724 473 1788 ardua
504 1725 717 1788 extimescam.
763 1723 916 1802 Vestrum
947 1729 1000 1796 est
1029 1724 1117 1788 decer·

174 1833 252 1877 nere
279 1835 317 1878 ac
345 1817 498 1895 statuere,
530 1834 627 1897 quam
659 1835 678 1876 a
705 1833 832 1896 quoque
864 1816 1013 1878 nostrum
1038 1812 1118 1877 huius

176 1903 268 1986 quasi
308 1902 503 1987 reipublicae
543 1901 718 1966 litterariae
755 1905 880 1984 partein
916 1898 1118 1968 administrari

176 2013 214 2056 ac
244 1993 412 2077 procurari
442 1991 561 2076 velitis,
592 1994 740 2056 nostrum
774 2010 886 2074 parere
918 1993 951 2055 et
983 1989 1119 2056 mandata

175 2084 284 2146 vestra
311 2080 478 2163 subsequi,
509 2100 612 2162 neque
644 2099 788 2163 unquam
813 2079 860 2143 ita
886 2079 983 2144 nobis
1010 2080 1120 2164 placere

176 2173 234 2233 aut
264 2172 394 2233 tantum
424 2167 520 2232 nobis
551 2167 706 2251 tribuere,
737 2169 775 2231 ut
805 2165 845 2231 de
876 2170 985 2234 vestro
1016 2165 1119 2233 iudicio

175 2256 362 2320 iudicemus.

243 2343 403 2429 Equidem
426 2343 513 2428 quod
536 2344 577 2410 ad
600 2365 650 2410 me
674 2345 804 2430 attinet,
830 2365 934 2430 neque
962 2347 1060 2412 ullam
1081 2364 1120 2407 ar·

116 2452 118 2455 ·
175 2435 256 2518 tem,
288 2443 383 2516 quae'
402 2433 531 2518 quidem
562 2433 703 2499 hominis
735 2435 869 2518 ingenui
900 2435 1008 2500 studio
1035 2434 1121 2518 digna

177 2521 232 2604 sit,
260 2521 423 2587 sordidam
450 2527 483 2587 et
509 2522 668 2588 abiectam
695 2543 764 2587 esse
792 2523 887 2608 duco,
915 2527 949 2588 et
971 2525 1067 2606 hanc,
1088 2518 1122 2584 ad

177 2631 275 2693 quam
297 2611 487 2676 tradendam
509 2619 597 2677 nunc
620 2632 730 2694 vocor,
753 2632 878 2696 semper
899 2612 1123 2679 nobilissimam

178 2699 370 2784 existimavi,
397 2703 443 2784 et,
475 2700 503 2764 si
530 2701 624 2764 aliter
651 2699 816 2783 sentirem,
846 2700 994 2766 fortassis
1025 2705 1124 2766 tamen

177 2809 246 2853 non
263 2809 389 2853 vererer
407 2787 526 2852 imitari
548 2787 711 2854 Laconem
727 2788 832 2867 illum,
852 2789 960 2873 quiin
978 2787 1124 2867 convivio,

178 2881 320 2944 extremo
347 2878 418 2942 loco
446 2877 551 2942 iussus
575 2877 776 2961 accumbere,
804 2879 1018 2943 convivatoris
1044 2877 1124 2961 inge·

177 2967 268 3033 nium
295 2988 333 3032 ac
358 2966 512 3032 iudicium
539 2965 790 3051 commendavit,
816 2966 871 3050 qui
897 2967 1055 3033 rationem
1080 2984 1124 3028 ex·

179 3057 367 3140 cogitasset,
390 3078 454 3140 qua
475 3055 524 3120 illi
547 3065 675 3142 quoque
697 3057 769 3120 loco
793 3055 985 3140 dignitatem
1006 3073 1124 3138 compa·

177 3147 273 3206 reret.
308 3142 386 3208 Non
412 3145 498 3208 enim
525 3148 668 3229 tantum,
695 3147 733 3210 ut
754 3145 852 3228 vulgo
876 3144 1005 3229 dicitur,
1032 3141 1124 3226 magi·

179 3234 299 3294 stratus
322 3231 426 3295 virum
445 3233 587 3296 ostendit
605 3238 638 3298 et
660 3235 695 3297 in
717 3233 788 3298 luce
805 3233 974 3300 bominum
988 3231 1126 3310 collocat,

178 3317 235 3385 sed
262 3318 359 3384 etiam
392 3340 487 3404 saepe
519 3321 746 3407 magistratum
777 3322 819 3408 is,
851 3322 906 3408 qui
937 3343 1009 3389 eum
1040 3317 1124 3406 gerit,

227 3515 253 3582 *)
271 3510 423 3568 Caesarius.
