2330 3944
227 263 289 328 118
610 257 746 315 ORATIO
765 258 825 314 XII.

224 409 303 476 ordo
327 430 346 473 a
368 409 579 492 praepotente
602 403 671 470 Deo
695 404 903 486 constitutus,
924 405 961 466 ut
983 423 1056 486 quae
1075 423 1140 485 prae-

225 497 382 562 stantiora
409 498 499 580 sunt,
524 495 698 579 imperent,
725 513 806 576 quac
830 491 1000 574 deteriora,
1025 491 1141 555 serviant.

225 586 396 652 Praestent
418 588 526 648 autem
548 583 692 647 animata
718 581 886 663 inanimis,
913 579 1075 644 sentientia
1095 600 1143 658 nou

224 675 450 756 sentientibus,
481 675 588 737 mente
614 670 762 756 praedita
788 673 895 734 mente
923 668 1102 749 carentibus,
1122 671 1143 731 ct

223 785 262 828 ex
284 764 324 828 iis
343 763 435 847 ipsis,
458 782 540 845 quae
557 763 666 825 mente
684 757 831 844 praedita
854 761 944 842 sunt,
966 761 1003 823 ut
1024 757 1143 840 cuiusque

223 873 314 916 mens
338 850 510 936 perfectior
532 853 595 933 est,
617 849 663 913 ita
685 848 721 912 in
743 848 794 912 eui
817 847 944 933 generis
967 846 1029 911 aliu
1046 849 1143 910 aeterna

224 941 363 1026 quadam
391 942 424 1003 et
449 937 644 1002 immutabili
675 939 812 1001 naturae
842 936 944 1020 ipsius
976 936 1044 1020 lege
1072 934 1143 998 doni-

223 1033 329 1094 natur.
370 1025 629 1110 Uniuscuiusque
657 1027 766 1090 autem
793 1025 839 1089 rei
865 1024 1021 1109 perfectio
1043 1027 1085 1088 cst
1106 996 1144 1124 sui

223 1118 376 1200 cuiusque
402 1116 513 1180 virtus.
550 1113 655 1190 Quare
682 1117 717 1178 et
743 1135 825 1198 quae
847 1113 950 1178 virtus
978 1113 1097 1198 proprie
1114 1115 1144 1178 est

222 1205 339 1269 mentis
362 1204 536 1288 humanae,
558 1203 670 1270 eadem
691 1203 779 1268 illius
795 1202 952 1288 perfectio
973 1205 1064 1287 atque
1080 1201 1144 1266 absc

219 1295 303 1360 lutio
326 1297 384 1359 est.

289 1381 393 1459 Quam
414 1382 515 1468 igitur
536 1381 697 1447 humanae
720 1381 838 1446 mentis
861 1381 1016 1446 virtutem
1037 1400 1096 1446 esse
1117 1377 1144 1442 di·

223 1493 343 1556 cemus,
367 1475 425 1536 aut
445 1492 543 1555 quam
565 1471 650 1536 illius
673 1469 879 1555 reperiendae
902 1470 1061 1535 rationem
1079 1467 1139 1532 inibi

222 1560 315 1625 mus?
351 1559 476 1644 Nempe
500 1561 528 1624 si
555 1560 640 1624 oculi
663 1558 816 1624 virtutem
838 1486 1145 1642 quaereremus,·conl

222 1649 427 1712 stitueremus
456 1651 531 1711 ante
559 1649 682 1731 omnia,
710 1647 874 1733 quodnam
901 1651 989 1713 esset
1014 1647 1145 1732 proprium

221 1758 303 1820 opus
326 1736 424 1820 oculi,
452 1735 538 1819 quod
560 1757 691 1820 munus,
719 1758 801 1820 quac
827 1736 967 1820 functio,
996 1758 1056 1821 quo
1077 1733 1145 1800 semel

220 1824 327 1909 posito
346 1845 384 1888 ac
401 1823 592 1906 constituto,
614 1828 684 1889 tum
702 1825 830 1910 deinde,
853 1846 935 1910 quae
954 1824 1145 1892 oculiaffectic

221 1933 336 1979 caussa
358 1917 455 1998 esset,
481 1916 520 1977 ut
542 1913 652 1980 oculus
681 1915 802 2000 optime
829 1935 888 1980 suo
911 1937 1044 1980 munere
1064 1915 1145 1998 lunge

220 2007 322 2088 retur;
351 2025 421 2068 eam
449 2002 651 2069 affectionem
678 2003 831 2068 virtutem
858 2024 927 2068 esse
955 2004 1040 2070 oculi
1061 1974 1146 2092 dicere(

220 2114 302 2158 mus.
338 2091 458 2157 Mentis
486 2114 567 2176 opus
595 2096 644 2158 est
670 2092 791 2176 videre,
818 2113 963 2178 cernere,
991 2093 1146 2176 intelligere,

220 2202 406 2246 caussarum
425 2185 599 2263 eteorum,
618 2203 699 2265 quae
717 2181 801 2246 fiunt
819 2203 858 2246 cx
875 2183 1013 2267 caussis,
1035 2182 1146 2248 ordiner

221 2290 259 2333 ec
287 2269 521 2334 connexionem
548 2269 676 2334 intueri.
717 2268 780 2334 sed
808 2291 933 2355 eorum,
962 2293 1044 2355 quae
1069 2271 1146 2334 ment

220 2359 409 2440 cernuntur,
431 2357 494 2420 tria
517 2378 636 2442 genera
659 2362 747 2423 sunt:
770 2379 872 2424 unum
895 2381 1021 2446 eorum,
1044 2377 1146 2444 quorun

220 2445 407 2531 cognitione
435 2448 468 2510 et
494 2445 709 2532 intelligentia
735 2448 783 2512 ita
808 2449 985 2535 pascimur,
1017 2449 1146 2514 utine

221 2534 484 2618 conquiescamus
498 2556 602 2618 neque
617 2539 796 2620 spectemus
811 2538 888 2622 ali03
907 2539 1047 2604 alterum
1060 2555 1146 2602 corun

220 2643 302 2705 quac
326 2623 367 2686 ad
385 2623 558 2707 actionem,
579 2625 712 2690 tertium
734 2647 858 2711 eorum,
881 2648 964 2710 quac
982 2628 1025 2692 ad
1042 2623 1146 2691 molitio

219 2732 295 2775 nem
309 2711 443 2777 alicuius
463 2712 568 2796 operis
582 2713 846 2798 effectionemque
859 2715 1053 2782 referuntur.
1078 2713 1146 2778 Prin

220 2801 347 2884 generis
371 2805 460 2886 sunt,
484 2822 565 2885 quae
589 2802 627 2866 de
650 2803 755 2886 primo
778 2825 885 2868 rerum
904 2808 978 2870 ortu
1001 2827 1040 2870 ac
1062 2800 1146 2888 princi

219 2888 296 2973 piis,
319 2888 358 2953 de
382 2889 570 2975 corporibus
593 2891 797 2976 coelestibus,
821 2892 860 2957 de
880 2892 1000 2958 caussis
1019 2892 1146 2958 imbriun

219 2981 404 3064 ventorum,
436 2977 631 3065 grandinum
663 2979 867 3064 eiusdemque
899 2982 1028 3067 generis
1060 2981 1125 3046 aliis

218 3067 421 3151 philosophis
459 3068 674 3152 disputantur.
718 3067 771 3132 Ad
809 3069 970 3135 actionem
1004 3069 1146 3156 pertinen

220 3175 301 3235 quae
325 3155 364 3219 de
387 3157 586 3222 instituenda
608 3158 676 3222 vita
698 3158 1002 3244 conformandisque
1026 3157 1145 3224 moribu

219 3240 275 3341 de.
292 3244 380 3306 omni
412 3264 529 3328 genere
562 3245 674 3330 officii,
706 3246 745 3310 de
772 3247 947 3313 virtutibus
975 3247 1146 3331 deniquea

218 3329 305 3393 vrtrie
338 3330 547 3397 disseruntur,
587 3333 640 3398 Ad
668 3357 801 3419 operum
828 3341 937 3402 autem
969 3336 1146 3402 effectionen

218 3439 301 3503 quae
324 3417 506 3505 fabrorum,
534 3421 796 3509 architectorum,
823 3425 982 3511 fusorum,
1008 3425 1146 3510 pictorun

216 3507 449 3660 statpariorum
477 3513 510 3573 et
537 3510 651 3576 talium
684 3513 836 3597 opificum
868 3514 1049 3600 praeceptis
1078 3518 1146 3579 cont

218 3615 282 3661 nen
299 3619 345 3662 ur.
