2326 3942
192 231 260 295 214
544 229 752 286 PRAEFATIO
771 231 805 285 V.

258 376 385 441 Primae
409 379 516 440 autem
538 376 573 440 in
591 377 652 441 hac
670 375 866 461 cogitatione
885 382 1056 443 occurrunt
1076 379 1139 443 illac

192 467 336 531 omnium
359 465 591 530 laudandarum
609 465 727 530 artium
749 465 914 550 ipsiusque
937 465 1017 532 adeo
1039 467 1139 532 huma·

190 555 303 618 nitatis
322 559 471 638 parentes
494 553 656 636 Athenae3
686 577 783 638 quam
806 554 938 638 optimis
961 555 1074 620 studiis
1096 557 1139 620 de-

191 643 305 726 ditam,
322 643 475 708 refertam
489 643 615 707 assidue
634 647 743 728 atque,
764 646 801 706 ut
817 643 865 707 ita
885 643 1034 727 dixerim,
1051 645 1140 709 fetam

190 733 414 796 eruditissimis
446 732 631 796 hominibus
659 731 822 796 civitatem
850 732 902 796 oui
932 754 1076 817 unquam
1099 735 1139 796 in·

191 821 327 905 signiter
364 821 514 885 adiuvare
550 821 680 904 impune
718 820 831 884 licuit?
876 819 953 885 Non
989 821 1047 886 illa
1077 821 1140 886 Mil-

188 910 322 992 tiadem,
341 907 521 993 Cimonem,
540 908 801 993 Themistoclem,
815 908 1004 992 Aristidem,
1018 909 1140 976 Aeschi-

188 1019 277 1081 nem,
304 997 568 1082 Demosthenem,
597 1019 733 1082 quorum
756 998 901 1062 omnium
924 1000 1058 1063 summis
1082 1007 1141 1064 erat

189 1108 248 1150 usa
275 1087 449 1170 beneficiis,
476 1087 512 1150 in
539 1087 669 1150 exilium
692 1086 837 1170 pepulit?
871 1085 947 1150 Non
970 1087 1050 1152 illud
1077 1111 1141 1171 pro·

188 1173 313 1259 bitatis,
336 1175 524 1259 modestiae,
547 1175 758 1259 integritatis,
782 1175 958 1258 sapientiae
977 1177 1141 1260 specimen,

189 1261 354 1328 Socratem
384 1285 507 1350 veneno
543 1264 682 1348 necavit,
719 1267 753 1328 et
784 1263 960 1330 constituto
997 1265 1141 1330 adversus

187 1352 305 1435 impios
351 1373 388 1416 ae
431 1374 529 1435 prave
581 1353 619 1416 de
668 1353 765 1417 rebus
810 1351 927 1418 divinis
973 1353 1140 1418 sentientes

188 1441 345 1525 supplicio
369 1463 441 1504 eum
464 1441 631 1525 potissime
655 1441 773 1525 affecit,
799 1441 855 1526 qui
877 1463 960 1506 unus
984 1463 1024 1506 ex
1047 1445 1140 1506 omni-

187 1531 248 1594 bus
272 1531 312 1594 ad
333 1552 443 1594 veram
456 1528 518 1594 Dei
540 1529 757 1614 cognitionem
779 1529 925 1613 proxime
948 1533 1141 1596 accesserat?

188 1617 251 1682 Sed
272 1617 421 1683 Romana
442 1619 623 1702 respublica
646 1621 767 1704 quanto
787 1621 909 1683 ceteras
928 1640 1040 1684 omnes
1060 1643 1141 1704 mag-

186 1707 333 1772 nitudine
352 1708 468 1772 virium
487 1711 583 1792 atque
601 1707 729 1790 imperii
747 1707 957 1792 amplitudine
976 1711 1141 1792 superavit,

185 1799 279 1860 tanto
297 1797 452 1860 maiorem
471 1796 565 1860 nobis
585 1799 680 1880 atque
699 1796 889 1880 ampliorem
905 1795 1001 1860 huius
1021 1799 1141 1881 generis

185 1885 405 1969 exemplorum
432 1885 558 1968 copiam
586 1885 818 1950 subministrat.
864 1882 961 1950 Cuius
983 1885 1019 1949 in
1046 1882 1150 1950 histo

185 1975 268 2038 riam
292 1973 436 2060 quisquis
459 1973 650 2058 ingreditur,
673 1975 701 2037 is
724 1974 853 2057 inipso
877 1973 969 2058 quasi
986 1975 1141 2038 vestibulo

185 2064 277 2128 illum
309 2065 415 2146 ipsum
447 2063 536 2126 urbis
563 2060 932 2147 parentem'ltomulum
960 2066 1142 2128 senatorum

185 2153 335 2217 manibus
350 2152 566 2216 crudelissime
582 2151 775 2234 discerptum
790 2173 827 2215 ac
846 2150 1037 2216 dilaniatum
1051 2153 1141 2218 videt.

186 2240 320 2322 Quodsi,
351 2243 420 2304 tam
446 2240 599 2306 horrendi
625 2240 777 2305 facinoris
809 2239 943 2304 immani
975 2241 1142 2306 atrocitate

185 2330 343 2411 spectata,
379 2329 466 2393 intro
498 2333 610 2393 tamen
640 2329 686 2392 ire
718 2328 907 2412 perrexerit,
942 2350 1012 2393 non
1049 2329 1141 2414 longe

184 2437 374 2502 progressus
398 2415 528 2482 obvium
550 2417 683 2482 habebit
706 2415 916 2500 Collatinum,
944 2417 985 2482 ob
1014 2417 1142 2482 inanem

184 2506 348 2589 popularis
372 2527 467 2570 aurae
491 2507 706 2590 suspicionem
732 2506 768 2569 in
790 2505 920 2570 exilium
942 2506 1143 2588 proficiscen-

183 2598 250 2658 tem
274 2617 312 2658 ca
334 2616 373 2658 cx
394 2595 486 2678 urbe,
511 2617 608 2679 quam
630 2595 700 2678 ipse
723 2615 843 2680 magna
866 2616 905 2658 ex
926 2597 1019 2678 parte
1043 2596 1142 2662 domi-

183 2688 263 2748 natu
286 2683 374 2767 regio
397 2684 557 2747 liberarat.
602 2682 710 2767 Atque
732 2687 770 2747 ut
792 2681 999 2749 Coriolanum
1026 2686 1142 2750 tacitns

182 2777 395 2856 praeteream,
418 2771 572 2850 Marcum
603 2775 687 2836 certe
717 2769 901 2857 Camillum,
932 2773 1019 2837 haud
1050 2774 1142 2838 facilc

184 2862 330 2944 dixerim,
375 2861 549 2924 militarius
589 2861 720 2944 virtute,
766 2883 809 2925 an
855 2862 916 2925 fide
956 2861 1143 2946 iustitiaque

182 2952 351 3034 maiorem,
379 2952 412 3014 et
437 2949 606 3013 mirabitur
633 2952 666 3012 ct
692 2947 898 3014 miserabitur
925 2949 1037 3013 eadem
1061 2951 1142 3015 cala·

182 3041 295 3104 mitate
327 3039 517 3122 perculsum.
563 3036 746 3120 Scipionem
773 3059 848 3104 vero
875 3039 979 3122 illum,
1011 3039 1050 3102 de
1082 3060 1144 3124 quo

129 3147 131 3154 ’
181 3149 255 3191 vere
279 3129 451 3211 scripserat
473 3127 614 3209 Ennius,
642 3127 767 3192 nullam
790 3127 819 3190 ei
842 3129 995 3210 statuam,
1018 3127 1144 3192 nullam

181 3216 366 3278 columnam
402 3239 422 3282 a
457 3217 576 3300 populo
613 3213 763 3281 Romano
800 3215 880 3299 erigi
915 3237 1023 3299 posse,
1062 3237 1145 3300 quac

181 3303 398 3388 magnitudini
424 3325 531 3368 rerum
560 3305 600 3367 ab
632 3304 703 3387 ipso
737 3307 900 3390 gestarum
926 3303 1144 3388 responderet,

180 3393 253 3477 quis
277 3395 339 3475 est,
363 3391 430 3476 qui,
453 3414 526 3457 cum
548 3393 743 3458 intellexerit
769 3415 806 3458 eo
832 3395 908 3476 post
933 3395 984 3458 tot
1009 3396 1145 3478 tamque

180 3481 325 3566 insignes
348 3480 498 3545 victorias
520 3479 699 3567 redactum,
721 3485 758 3546 ut
775 3482 922 3546 exsilium
945 3481 1008 3547 sibi
1028 3486 1146 3566 suapte

182 3573 297 3651 sponte
312 3567 514 3653 consciverit,
533 3589 600 3633 non
619 3569 802 3635 debilitetur
819 3591 856 3635 ao
871 3570 1018 3636 concidat
1031 3570 1146 3634 animo
