2328 3956
191 209 254 274 112
505 207 685 264 EPISTOLA
702 207 827 262 LXXIX.

188 359 221 420 te
248 357 286 418 ui
311 353 416 420 iollas.
452 353 568 438 Lyssae
589 374 709 420 nomen
730 353 937 438 peregrinum
957 352 1128 418 adimerem:

188 444 338 510 Italicum
366 442 482 509 darem.
531 440 619 507 Nam
650 445 683 507 et
709 441 842 507 Plautus
870 463 943 506 oum
969 441 1131 508 Lemniam

190 536 223 597 el
244 533 393 614 Inopiam
414 531 583 615 loquentes
604 529 770 618 fuoeret‚¹)
793 553 861 596 non
883 531 973 595 illam
996 529 1130 612 Trypheri,

189 620 274 686 hano
295 620 419 686 Peneon
445 620 584 704 vooevii,
612 620 668 684 sed
694 619 822 705 uirique
848 641 970 684 nomen
996 617 1131 684 Latinum

191 709 287 775 dedii.
333 708 426 785 Quod
453 709 571 773 alieubi
598 708 685 792 apud
711 707 831 773 inferos
858 709 952 774 solem
980 709 1067 774 uslere
1087 709 1132 791 ais,

191 819 264 864 eum
290 799 453 881 lenebres,
485 800 522 861 ut
549 797 676 881 opinor,
708 800 742 861 et
772 797 945 882 caliginem
973 797 1131 882 significes:

192 909 314 972 vereor,
336 908 378 951 ne
399 885 520 952 imitari
541 885 680 951 volueris
694 883 907 972 Virgiliana‘l)
924 885 1037 952 mooe
1057 887 1132 950 silen-

193 978 251 1056 tio,
273 979 307 1040 et
327 975 363 1040 in
390 997 427 1041 eo
449 974 603 1040 Pontiani
630 995 770 1040 errorem
799 978 927 1040 secutus
955 975 1011 1040 sis.
1056 972 1132 1040 Cerle

192 1064 278 1129 enirn
300 1064 442 1148 silentia,
468 1063 502 1128 id
524 1067 574 1130 est
591 1063 809 1147 eoniioinium,
832 1085 900 1128 non
923 1067 961 1128 ui
982 1065 1038 1128 ille
1060 1068 1132 1128 relus

192 1156 250 1234 est,
271 1153 432 1236 tenebrae,
455 1174 536 1237 quas
559 1151 658 1218 efficii
676 1153 814 1218 siderum
838 1152 1039 1218 coniunctio:
1064 1151 1133 1216 Nan

192 1240 322 1306 Troiam
334 1241 512 1325 plenilunio
535 1244 662 1325 captam
685 1262 755 1308 esse
778 1244 915 1308 constal
951 1239 1133 1326 Halcyonios

193 1351 319 1415 quoque
332 1329 449 1394 videris
461 1350 575 1394 vocare
589 1351 664 1396 oves
686 1330 783 1415 ipsas.
818 1329 930 1416 Vides,
952 1330 1035 1395 haee
1054 1351 1134 1415 quan

191 1418 275 1484 levia
301 1419 367 1484 sint
394 1439 553 1503 quamque
580 1419 712 1503 pusilla:
743 1439 839 1504 quae,
867 1439 950 1505 rogo
978 1422 1027 1504 ie,
1053 1420 1134 1483 utin

192 1508 310 1572 bonam
333 1511 459 1592 partem
482 1507 619 1592 accipias
642 1511 688 1592 et,
715 1507 891 1593 quodiam
915 1529 989 1574 sero
1015 1509 1055 1574 ad
1075 1512 1133 1571 tuas

191 1597 315 1660 litteras
342 1597 566 1681 respondeum,
593 1597 743 1682 ignoscas
772 1597 1040 1682 occupationibus
1062 1597 1134 1661 meis.

190 1683 277 1767 Ego,
305 1683 420 1768 Zoppi,
448 1685 497 1750 vir
524 1685 752 1769 eruditissime,
780 1689 812 1750 el
839 1687 902 1753 toti
929 1686 1056 1752 civitati
1080 1685 1133 1750 Me·

191 1773 350 1838 ceratensi
372 1774 455 1839 bene
478 1795 517 1838 ex
530 1774 638 1839 animo
662 1775 755 1860 cupio
778 1775 921 1859 mihique
946 1775 1134 1841 occasionem

191 1865 268 1946 opio
283 1862 424 1949 aliquem
438 1863 515 1948 dari,
539 1885 602 1948 qua
623 1863 658 1930 id
679 1884 714 1928 re
737 1863 809 1948 ipsa
831 1863 997 1930 declarare
1020 1865 1134 1950 possin,

191 1954 224 2015 ei
249 1954 295 2036 ie,
323 1972 418 2037 quern
444 1974 610 2038 nunquam
631 1972 784 2036 praesens
810 1957 1019 2038 praesentem
1045 1953 1134 2018 videre

190 2041 336 2124 memini,
360 2041 518 2126 singulari
539 2044 597 2106 tua
619 2041 797 2107 eruditione
817 2045 1000 2108 commotus
1024 2043 1060 2108 in
1076 2043 1135 2106 sinu

190 2131 286 2214 atque
303 2129 339 2194 in
353 2129 454 2194 oeulis
472 2129 550 2195 fere.
585 2128 676 2196 Vale.
690 2129 822 2196 Rornae.
836 2129 895 2196 III.
909 2130 1049 2198 Kalend.
1064 2129 1133 2198 sen.

265 2321 284 2389 ¹)
302 2323 334 2376 In
352 2321 524 2378 Trinummo¹

264 2392 284 2462 ¹)
302 2394 371 2449 Aen.
389 2393 424 2450 Π.
443 2399 502 2450 255.
