2368 3956
216 210 281 276 164
584 211 669 268 VAR.
687 211 789 270 LECT.

212 357 371 439 mathitae
396 355 605 422 arbitramini.
650 357 697 422 At
717 356 796 422 mila
817 357 959 424 ooiumao
985 357 1097 424 eodum
1116 364 1153 424 oi-

213 447 332 527 tiapens
356 445 393 508 ia
414 443 620 526 Peloponneso
645 447 769 510 uirtutis
791 465 876 510 meae
902 448 985 512 aetia
1008 449 1154 514 constitae

212 539 263 598 est.
307 531 396 596 Haec
422 536 586 616 postrema
610 533 726 617 quibus
753 533 860 598 verbis
882 531 1002 600 Graece
1030 557 1154 620 pronun-

213 623 297 685 ciata
312 621 391 704 sint,
414 621 442 684 si
465 621 537 706 quis
551 621 768 706 videreaupit,
790 623 927 706 reperiet
943 625 1031 708 apud
1043 624 1154 689 Aelium

213 709 392 782 Aristidem
415 707 452 774 ἐν
475 710 520 798 τῷ
543 707 617 794 περὶ
639 709 701 774 τοῦ
723 709 1016 795 παραφθὲγματος.

539 935 684 1004 OAPUX
705 937 857 1006 XXXIV.

213 1061 260 1116 on
278 1059 375 1115 naon
390 1057 545 1126 eunoun
557 1059 755 1116 Prasmon
766 1059 1154 1116 murmurmurmur.

277 1167 399 1232 Multae
422 1168 499 1233 olim
522 1170 608 1253 apud
621 1167 736 1234 Persae
758 1169 846 1256 leges
869 1169 969 1235 fuisse
990 1168 1155 1251 traduntu,

212 1256 390 1343 exquibus
416 1256 509 1320 facile
535 1257 675 1342 intelligi
699 1260 821 1343 potest,
851 1257 1050 1344 singularem
1072 1279 1154 1343 quan-

212 1347 286 1412 dam
309 1345 377 1410 eius
400 1346 507 1430 gentis
530 1346 723 1430 sapientiam
735 1346 844 1412 finisse.
872 1344 980 1432 Atque
1004 1345 1155 1410 earumiu

210 1457 310 1500 unam
336 1454 440 1518 nuper
468 1455 541 1500 eum
568 1431 784 1520 inciderim),
812 1455 893 1520 quae
918 1456 1024 1520 neque
1051 1435 1155 1514 multis,

210 1525 274 1588 nisi
296 1544 348 1588 me
379 1523 465 1588 fallit
490 1523 630 1608 animus,
662 1523 794 1607 cognita
819 1525 882 1606 est,
911 1526 943 1587 et
970 1523 1154 1608 dignissima,

211 1633 293 1697 quae
320 1615 532 1696 cognoscatur
553 1611 595 1675 ab
619 1611 784 1676 omnibus:
813 1611 951 1676 iudiaavi
972 1633 1042 1677 non
1063 1613 1154 1696 ingra-

209 1703 281 1765 tum
302 1698 372 1764 foro
395 1699 449 1782 iis,
473 1699 528 1784 qui
549 1699 629 1764 haee
641 1699 760 1784 legent,
783 1699 896 1765 sieam
917 1699 978 1764 hoo
1001 1701 1073 1765 loeo
1094 1722 1153 1784 pro·

209 1807 372 1874 ponerem.
416 1785 497 1852 Erat
519 1787 618 1872 igitur
640 1788 727 1872 apud
749 1809 805 1854 eos
827 1787 875 1854 ita
890 1788 1108 1874 constitutum,
1126 1791 1155 1852 ut

210 1899 283 1942 eum
306 1876 379 1964 quis
392 1876 428 1940 in
449 1875 565 1941 iudicio
580 1879 768 1962 argueretur
781 1875 902 1962 aliquid
923 1877 1038 1944 fecisse
1057 1881 1153 1942 eontra

209 1967 311 2051 leges,
334 1964 474 2030 etiamsi
490 1964 612 2050 liquido
631 1967 795 2030 constaret
816 1985 890 2030 eum
907 1965 1019 2050 eulpae
1037 1965 1153 2030 affinem

210 2076 293 2138 esse,
320 2075 388 2118 non
413 2056 524 2117 tamen
550 2051 661 2117 statim
687 2054 964 2132 condemnaretur,
994 2054 1052 2119 aed
1077 2054 1152 2138 prius

210 2142 424 2227 inquireretur
451 2140 697 2226 diligentissime
726 2141 763 2206 in
794 2162 923 2206 omnem
952 2141 1040 2208 illius
1066 2143 1152 2207 vitan

209 2231 408 2315 inireturque
434 2229 527 2312 rati0,
553 2230 689 2313 plurane
715 2230 853 2314 turpiter
872 2231 908 2294 et
929 2227 1099 2314 flagitiose,
1119 2253 1152 2293 an

208 2319 292 2384 bene
322 2316 591 2403 laudabiliterque
625 2318 787 2404 gessisset.
841 2316 925 2382 Turn
960 2319 989 2383 ei
1018 2319 1153 2384 vincebat

208 2407 352 2491 turpium
364 2427 526 2492 numerue,
549 2407 837 2472 condemnabatur:
859 2405 912 2471 sin
933 2407 1151 2490 praepondere-

208 2495 326 2559 bantur
357 2493 502 2559 honestis
532 2495 653 2579 turpia,
685 2495 919 2562 absolvebatur.
970 2492 1152 2579 Cogitabaut

208 2583 296 2648 enim
317 2581 531 2648 humanarum
558 2583 675 2648 virium
695 2604 764 2650 non
786 2603 869 2666 esse,
891 2584 1016 2646 reatum
1038 2604 1152 2648 eorsum

207 2675 363 2758 perpetuo
385 2675 508 2736 tenere:
530 2670 697 2737 habendos
715 2691 778 2757 pro
800 2669 895 2737 bonis
912 2669 990 2735 viris
1013 2691 1074 2756 eos,
1094 2691 1151 2734 non

209 2763 265 2846 qui
290 2782 458 2845 nunquam
482 2763 665 2844 peccarent,
697 2759 754 2824 sed
785 2758 840 2846 qui
871 2758 999 2844 saepius
1031 2759 1151 2826 honeste

208 2853 350 2936 agerent
399 2847 493 2913 Hane
520 2848 625 2932 ipsam
657 2848 763 2934 legem
794 2867 854 2932 ego
885 2847 927 2914 ab
958 2847 999 2914 iis
1030 2867 1151 2934 quoque,

209 2961 345 3026 quorum
367 2937 403 3003 in
415 2957 530 3002 manus
547 2935 583 3001 hi
596 2935 672 3001 libri
684 2936 829 3020 venient,
840 2936 1014 3023 *observari
1026 2956 1150 3003 summo·

207 3049 283 3111 pere
306 3026 413 3112 nupia,
442 3028 480 3091 ut
505 3045 546 3090 ne
574 3025 685 3090 statim
707 3045 762 3090 eos
784 3023 931 3090 reiioiant
958 3047 996 3091 ao
1018 3024 1150 3091 condem-

207 3118 300 3199 nent,
323 3116 351 3180 ei
374 3115 451 3200 quid
472 3113 508 3178 in
531 3113 576 3178 eis
600 3134 683 3178 ame
705 3115 872 3198 peceatum
890 3111 1149 3198 deprehenderint.

208 3201 294 3267 Nam
321 3204 350 3268 si
379 3203 505 3268 ratione
532 3201 669 3267 fideliter
694 3201 776 3267 inita
811 3201 914 3266 maior
944 3201 1012 3266 atio
1042 3199 1150 3283 ἐσφαλ-

207 3287 320 3375 μένων
342 3281 363 3374 ἢ
391 3291 459 3356 τῶν
485 3288 763 3376 κατωρθωμένων
784 3309 937 3356 numerus
958 3289 1061 3373 fuerit,
1085 3291 1148 3351 tum

208 3378 370 3465 equidem,
393 3379 472 3463 quin
493 3380 678 3446 reiioiantur
700 3382 733 3444 et
755 3377 916 3462 sordeant,
937 3399 1004 3444 non
1023 3397 1133 3444 retuso.

282 3550 302 3620 ¹)
320 3549 422 3606 Herod.
437 3551 457 3606 Ι.
479 3555 539 3606 137.
