2330 3944
174 217 177 224 '
197 225 237 289 78
558 221 694 278 ORATIO
714 223 787 276 VIII.

194 370 344 457 ingenuis
372 391 409 434 ae
435 369 545 433 liberis
572 368 674 432 excoli
702 371 956 432 consentaneum
985 365 1135 432 iudicaret.

196 457 282 535 Quin
318 459 416 522 etiam
452 479 524 521 cum
557 455 669 520 Graeci
701 477 811 520 earum
843 455 1062 540 cognitionem
1090 478 1137 520 sue

195 547 389 634 linguatuli
412 545 552 630 quodem
573 543 730 610 vocabulo
754 544 948 628 affecissent,
972 565 1011 608 ex
1033 565 1092 627 quo
1111 545 1136 607 id

195 635 291 700 modo
318 635 565 720 intelligeretur,
593 633 703 697 stetim
731 655 751 696 a
778 633 917 716 puerItia
943 632 1083 696 dandam
1102 634 1157 696 eis*

197 745 328 808 operam
350 745 434 807 esse,
455 723 593 787 maiores
615 721 720 786 nostri
741 721 817 806 hoo,
840 724 877 785 ut
898 721 1066 805 ploraque,
1086 743 1137 784 me-

195 813 258 877 lius
281 833 318 877 ac
342 813 531 896 sapientius:
555 811 609 894 qui
631 813 737 875 totum
759 810 822 875 hoc
835 810 955 874 artium
973 829 1076 895 genus
1091 809 1137 874 hu·

196 902 386 966 manitatem
408 902 578 983 vocarunt,
601 899 709 983 oredo,
735 899 929 983 indicantes,
957 919 1028 964 non
1049 900 1138 964 multo

196 991 303 1054 minus
333 990 419 1052 inter
449 989 596 1053 homiues
628 988 749 1052 talibus
782 987 961 1072 disciplinis
993 988 1158 1072 expolitos

197 1082 230 1142 et
251 1079 368 1162 vulgus
391 1078 540 1162 aliorum,
568 1099 665 1161 quam
692 1077 777 1142 inter
804 1080 927 1142 ceteros
954 1080 988 1140 et
1014 1077 1139 1162 pecudes

196 1166 359 1230 interesse.
395 1165 552 1230 Homines
585 1166 671 1230 enim
702 1165 826 1230 duabus
858 1165 1030 1250 praecipue
1057 1167 1139 1230 rebus

197 1275 216 1317 a
244 1253 357 1319 ceteris
384 1255 603 1319 animantibus
631 1255 854 1338 discernimur,
884 1253 1011 1318 ratione
1044 1258 1076 1318 et
1100 1277 1140 1317 rs-

197 1342 296 1408 tionis
323 1343 499 1427 interprete
528 1344 674 1408 oratIone
715 1364 852 1426 quarum
880 1345 1018 1425 utraque
1040 1342 1141 1422 ineis,

198 1433 254 1516 qui
285 1431 400 1496 harum
432 1432 550 1496 artium
581 1434 725 1516 expertes
757 1434 848 1516 sunt,
879 1429 969 1496 rudis
1001 1431 1141 1514 quodam-

196 1521 293 1585 modo
326 1525 359 1585 et
389 1521 554 1604 inchoata,
586 1521 641 1603 qui
672 1541 726 1584 eas
758 1520 840 1584 bene
872 1520 1002 1604 penitus
1034 1519 1141 1585 combi-

197 1608 328 1692 berunt,
359 1609 503 1692 perfecta
529 1610 564 1672 in
591 1609 655 1672 illis
683 1612 779 1692 atque
807 1609 957 1674 absoluta
983 1611 1040 1673 est.
1082 1608 1142 1672 An·-

198 1697 324 1780 stippus
338 1697 479 1780 quidem,
502 1717 575 1760 oum
588 1697 777 1780 quaesiisset
795 1697 926 1780 quidam
943 1717 983 1761 ex
1001 1719 1053 1781 eo,
1077 1696 1142 1781 quid

196 1783 275 1848 boni
296 1784 364 1849 filio
388 1806 446 1849 suo
470 1785 606 1848 allatura
628 1786 765 1850 eruditio
789 1789 886 1869 esset,
907 1787 938 1850 si
957 1785 1039 1851 nilul
1057 1785 1143 1861 aliud,

196 1871 252 1938 hoc
272 1879 361 1952 cate,
383 1873 502 1958 inquit,
528 1874 609 1954 qood
628 1875 664 1938 lu
687 1874 802 1940 taetro
821 1875 1144 1958 wpuiulupidcuoc

196 1963 315 2028 sedebit.
363 1961 516 2047 Idemque
556 1963 661 2047 alteri,
702 1965 774 2048 qui,
810 1985 883 2028 oum
919 1964 981 2029 sibi
1016 1965 1145 2028 nimium

197 2051 550 2206 mqugnamdixmerqederp
557 2051 662 2202 ,posci
684 2071 743 2154 pro
765 2052 971 2118 Institutione
984 2053 1054 2204 Idm
1067 2053 1161 2117 uide-¹

198 2161 288 2205 rer
388 2163 469 2205 ers:
540 2159 556 2204 s
619 2159 756 2222 meeum
789 2161 911 2205 secura
944 2162 1024 2206 mee
1060 2161 1147 2206 anae

192 2193 334 2312 poesela,
368 2230 417 2293 Tu
438 2243 519 2305 omo,
541 2227 647 2310 inquit
668 2229 792 2312 iocans,
815 2230 908 2294 etiam
930 2229 984 2294 hoc
1001 2231 1147 2312 crepidis:

199 2317 348 2380 aarum
370 2315 737 2393 aeruscatores.
774 2315 975 2402 Significavit
995 2319 1148 2398 videlicet,

198 2424 335 2487 quorum
366 2405 572 2470 collustratus
609 2405 828 2470 doctrinarum
862 2407 933 2471 luce
969 2428 1036 2472 non
1070 2409 1149 2472 esset

198 2493 338 2578 animus,
361 2515 416 2558 eos
438 2493 595 2578 lapidum,
622 2515 690 2559 non
711 2494 893 2579 hominum,
921 2499 990 2580 aut,
1018 2496 1046 2560 si
1070 2497 1148 2562 forie

197 2580 283 2644 inter
308 2581 469 2666 homines,
497 2603 673 2667 servorum,
700 2603 769 2648 nou
790 2583 1007 2669 ingenuorum
1028 2585 1103 2650 loco
1118 2603 1151 2648 uc

197 2689 331 2734 numero
355 2692 423 2734 esse
446 2670 621 2736 habendos

264 2756 313 2822 Ac
334 2759 415 2822 mihi
437 2758 566 2842 quidem
591 2761 653 2824 hac
678 2763 749 2825 tota
776 2759 816 2826 de
838 2783 873 2826 re
897 2763 1054 2848 cogitanti
1079 2784 1151 2847 qua-

196 2847 272 2911 tuor
295 2847 427 2912 omnino
451 2869 520 2912 esse
543 2849 612 2914 viae
634 2848 797 2933 videntur,
820 2871 956 2934 quarum
978 2873 1081 2916 unam
1100 2851 1153 2914 ali·

197 2957 294 3019 quam
317 2959 338 3000 a
363 2936 522 3021 principio
549 2937 664 3002 aetatis
687 2952 853 3022 capessere
877 2961 914 3003 ac
941 2944 1057 3024 postea
1085 2961 1153 3024 per·

197 3026 701 3180 32r2331³³0ul⁶⁹⁵ult⁰³
723 3027 841 3180 llll
858 3027 1154 3180 ledubdddll'

196 3199 294 3286 Ionge
317 3137 612 3287 medumqu'eqaliis
635 3136 785 3268 omnibus
808 3137 1157 3288 adrepondddevideas

196 3291 258 3351 tur.
294 3287 327 3353 N
329 3311 381 3353 am
398 3292 453 3374 qui
474 3291 550 3356 istev
561 3296 667 3356 aetate
682 3296 772 3376 sunt,
793 3293 913 3377 partim
927 3294 994 3359 otio
1010 3315 1043 3358 se
1058 3298 1158 3378 atque

195 3377 345 3462 ignaviae
369 3377 503 3462 dedunt,
530 3382 722 3465 mollemque
750 3382 850 3446 vitam
878 3404 915 3447 ac
938 3384 1159 3468 voluptariam

196 3469 388 3550 sequuntur,
420 3467 443 3530 ii
470 3470 659 3550 praesertim
688 3470 804 3553 quibus
832 3473 974 3555 amplum
1001 3473 1160 3555 patrimo·

194 3555 285 3618 nium
308 3558 369 3643 est,
392 3555 510 3638 partim
533 3557 560 3618 si
583 3558 751 3642 angustior
778 3559 820 3623 sit
845 3581 910 3645 res,
933 3582 1029 3644 quam
1050 3565 1094 3624 ut
1113 3561 1160 3624 ni-
