2368 3956
129 239 198 304 214
469 314 471 318 .
504 237 588 293 vua.
606 235 711 292 naeu

129 384 217 450 enim
243 383 306 449 hoc
333 382 424 448 dicit:
452 382 583 448 laudato
610 380 902 467 peregrinationes,
934 380 991 447 scd
1023 381 1098 465 ipse

128 477 162 538 te
185 472 273 538 domi
287 471 462 538 continete.
497 469 551 536 An
565 469 653 536 aliud
674 471 805 536 laudere
819 469 981 553 iubemur,
1006 469 1099 534 alind

130 561 243 647 sequi?
269 559 316 625 As
342 559 430 625 alind
456 560 493 626 in
521 579 589 643 ore,
620 559 707 624 aliud
738 559 774 623 in
802 561 934 644 pectore
963 558 1099 642 habero,

128 649 352 734 turpissimum
366 651 424 714 cst.
459 647 505 714 Et
525 651 637 712 tamen
658 647 762 712 multa
783 645 863 712 talia
882 649 961 712 sunt
980 649 1098 732 poeta-

129 759 215 821 rum,
241 740 280 802 ut
311 737 391 802 illud
417 733 598 823 Hesiodi²)‚
613 719 825 801 'laudandam
855 755 925 800 esso
956 755 1097 820 parvam

128 827 253 979 ξῖεινίιιι,
267 825 333 1002 ⁸3ed
354 845 476 892 merces
498 824 534 890 in
555 843 708 910 magnam
729 823 952 910 imponendas,
974 827 1009 889 et
1030 823 1097 890 hoc

161 915 260 1001 irgiffi
293 964 303 999 ‚

343 1055 386 1067 -
408 1019 554 1086 Laudato
574 1019 714 1104 topace
733 1039 831 1087 nora:

288 1107 451 1192 sapam
472 1109 570 1175 colito.

128 1249 175 1316 lit
202 1249 299 1316 hodie
325 1250 362 1315 in
382 1249 480 1315 Italia
501 1249 659 1317 usitatum
681 1253 731 1317 cst
752 1249 857 1336 simile
884 1247 1095 1333 proverbium

130 1339 358 1424 agricolarum:
381 1337 559 1404 laudandos
581 1341 723 1422 montes,
745 1339 803 1405 sed
824 1360 845 1403 a
866 1339 1002 1422 planitie
1025 1359 1096 1404 non

129 1427 350 1492 recedendum.
401 1425 546 1512 capitale
573 1427 609 1492 in
636 1427 748 1493 eodem
780 1446 898 1512 genere
923 1425 1005 1492 illud
1035 1423 1095 1490 So·

129 1513 286 1602 phoclis³)
308 1515 502 1582 laudcndem
514 1515 681 1600 iustitiam,
704 1514 761 1582 sed
777 1513 975 1583 haerendum
987 1515 1094 1581 luero:

175 1721 289 1792 Δίκαι’
316 1725 458 1810 ἐπαίνει,
481 1729 543 1793 τοῦ
554 1663 603 1794 τέὲ
616 1635 813 1814 ςιίζδαίνειν
835 1729 923 1812 ἔχου.

130 1867 162 1933 Α
190 1891 253 1954 quo
281 1871 452 1954 praecepto
480 1870 579 1934 ctiam
605 1869 837 1955 improbissimi
862 1869 974 1953 verbo,
1000 1889 1035 1933 re
1059 1871 1095 1934 et

130 1956 226 2023 factis
249 1979 291 2022 nc
313 1958 337 2022 ii
360 1958 501 2044 quidem,
525 1959 581 2044 qui
603 1958 682 2024 boni
702 1960 764 2024 viri
785 1951 956 2043 habentur,
977 1977 1092 2023 omncs

131 2046 316 2111 abhorrent.
352 2045 519 2131 Numquid
532 2048 640 2132 igitur,
662 2050 700 2111 ut
722 2047 819 2112 aliam
837 2049 961 2112 vestem
983 2045 1093 2112 dome-

132 2135 247 2200 sticam
259 2134 425 2220 habemus,
438 2135 537 2200 aliam
549 2137 724 2220 forensem,
746 2137 794 2208 ita
807 2137 873 2201 alia
889 2135 962 2200 aliis
979 2133 1093 2198 lauda·

131 2223 252 2308 bimus,
284 2225 348 2288 alia
378 2224 442 2308 ipsi
474 2224 751 2290 consectabimun'?
800 2221 856 2288 An
888 2223 950 2289 hoc
979 2223 1092 2308 potius

132 2311 318 2396 significant
338 2314 448 2376 vetera
465 2313 522 2377 illa
543 2312 670 2398 politica
691 2313 875 2397 proverbia:
899 2333 971 2377 cum
994 2333 1092 2396 saepe

131 2400 239 2463 variae
262 2421 300 2464 ac
321 2400 515 2484 multiplices
537 2402 604 2466 sint
630 2401 799 2468 hominum
825 2400 1017 2485 sententiae,
1043 2401 1093 2466 ita

131 2490 169 2550 ut
200 2486 311 2551 eadem
344 2487 400 2551 alii
428 2489 573 2576 laudent,
605 2490 662 2555 alii
687 2490 883 2574 vituperent,
914 2508 1092 2574 manesque

131 2573 294 2640 interdum
333 2575 519 2655 inimicitiae
560 2599 600 2643 ex
638 2579 796 2644 eiusmodi
836 2575 1092 2644 dissensionibus

132 2663 292 2751 oriantur,
319 2665 434 2731 debere
460 2687 521 2732 nos
549 2667 653 2734 sinere
680 2687 941 2752 unumquemque
970 2664 1091 2738 iudicio

132 2775 191 2819 suo
217 2755 279 2837 uti,
311 2757 344 2820 et
374 2755 482 2840 potius
514 2777 611 2840 quam
637 2757 736 2821 ullam
768 2755 1008 2822 dimicationem
1034 2757 1093 2820 aut

132 2843 374 2908 contentionem
396 2844 621 2928 suscipiamus,
647 2845 779 2910 laudare
800 2843 954 2910 iudicium
979 2841 1093 2926 ipsius,

132 2932 189 2996 sed
210 2935 321 2996 tamen
343 2932 377 2998 id
404 2933 490 3017 quod
512 2933 671 3017 optimum
694 2937 757 3018 est,
780 2932 892 3017 sequi?
936 2931 989 2996 Ita
1010 2929 1093 2996 mihi

131 3019 262 3104 quidem
283 3020 418 3086 videtur.
462 3019 507 3086 nt
529 3023 636 3086 cetera
657 3022 787 3107 quidem
799 3021 862 3086 hoc
879 3040 976 3086 sensu
989 3019 1094 3102 accipi

132 3114 267 3191 queunt:
300 3107 514 3194 Sophocleum
540 3109 620 3174 illud
646 3131 714 3176 non
739 3112 865 3194 potest3
895 3129 1000 3194 neque
1026 3107 1093 3172 alia

133 3195 256 3262 rationo
293 3219 453 3262 summum
488 3201 618 3282 politam
651 3197 779 3262 defendi
815 3217 912 3282 posse
943 3196 1093 3281 arbitror,

131 3307 228 3370 quam
256 3288 294 3350 ut
320 3284 476 3370 dicamus,
504 3307 577 3350 eum
604 3285 756 3352 habuisse
785 3285 944 3352 rationem
975 3284 1094 3371 decori,

204 3509 224 3579 ¹)
243 3510 294 3578 Op.
314 3513 343 3565 et
360 3511 393 3566 D.
414 3517 473 3567 643.
575 3511 716 3584 &Georp
735 3513 770 3568 Il.
789 3518 850 3568 412.
939 3511 1093 3582 ⁰)Fragm.

129 3581 173 3632 ΞΒ.
191 3580 236 3632 ed.
255 3581 363 3636 Nauck.
944 3591 948 3595 '
