2360 3944
418 245 553 302 ORATIO
571 247 620 304 VI.

268 499 322 559 DE
344 498 544 560 IUSTITIAE
567 500 768 562 LAUDIBUS

358 655 571 737 ocimo
604 657 678 741 vi.
737 669 742 775 2

102 827 220 868 nnuma
234 803 340 869 uonna
354 827 513 870 rosnarum
527 829 595 872 rou.
609 828 930 876 nascuncuntur.

154 951 223 1000 [Cum
237 951 342 1000 quintum
356 953 439 993 librum
452 953 585 994 Ethioorum
599 952 729 996 Aristotelia
742 955 876 1005 inchoaret]

108 1092 198 1169 Quod
220 1095 381 1178 principio
400 1115 465 1178 me,
488 1117 561 1160 curn
579 1097 639 1161 hos
658 1097 758 1162 libros
773 1099 930 1182 explicare
948 1100 999 1164 in·

54 1182 200 1266 graderer,
229 1183 333 1246 dicere
356 1184 561 1268 meministis,
589 1190 772 1250 accuratam
794 1209 905 1252 eorum
932 1191 997 1251 tra·

54 1271 214 1336 stationem
248 1275 281 1336 01
306 1272 556 1357 intelligentiam
588 1295 661 1338 cum
693 1275 734 1338 ad
767 1297 878 1340 omnes
910 1277 997 1340 vitae

53 1363 146 1442 partes
173 1360 394 1444 utilissimam,
420 1364 502 1444 tum,
518 1362 572 1445 iis,
599 1363 654 1446 qui
677 1363 712 1426 in
738 1363 819 1426 iure
835 1363 921 1428 civili
944 1385 996 1427 ex-

54 1449 152 1512 cellere
175 1447 347 1532 locumque
370 1449 509 1532 aliquem
532 1471 600 1514 non
622 1451 707 1514 inter
726 1451 998 1516 circumforaneos

53 1535 120 1600 istos
141 1538 347 1620 clamatores,
371 1538 427 1601 sed
448 1538 534 1602 inter
556 1541 705 1617 veros-et
728 1559 842 1623 graves
861 1543 894 1604 et
911 1543 996 1604 vete-

54 1645 113 1688 rum
133 1626 265 1690 illorum
280 1624 467 1690 'simillimos
495 1625 740 1692 iurisconsultos
764 1627 909 1692 obtinere
932 1649 998 1692 me·

56 1712 233 1798 ditarentur,
259 1715 474 1778 necessariam
501 1736 583 1779 csse:
614 1715 648 1779 id
676 1719 709 1778 ct
735 1716 843 1800 aliqua
869 1717 935 1781 iam
958 1738 997 1780 ax

55 1806 143 1886 parte,
165 1825 265 1886 quam
287 1824 398 1867 varum
421 1803 476 1887 sit,
498 1803 639 1867 iudicare
661 1805 827 1887 potuistis,
850 1808 883 1868 01
896 1826 935 1868 ex
956 1805 997 1868 iis

56 1891 222 1976 praecipue,
260 1892 299 1955 de
332 1891 447 1974 quibus
478 1891 514 1954 in
545 1893 607 1956 hoc
637 1891 721 1956 libro
754 1893 1000 1977 disputabimus,

57 1977 238 2065 intelligetis.
274 1978 525 2064 Ingrediendum
553 1981 639 2044 anim
665 1981 760 2045 nobis
791 1984 840 2043 est
863 1981 942 2044 duca
965 1984 999 2044 et

59 2068 132 2148 quasi
162 2071 357 2153 mystagogo
393 2068 568 2133 Aristotele
601 2069 637 2132 in
669 2068 934 2153 augustissimum
966 2073 999 2131 01

56 2155 319 2240 religiosissimum
341 2157 482 2222 iustitiae
504 2157 675 2240 templum,
701 2157 869 2221 lustranda
897 2157 999 2222 oculis

57 2245 149 2308 onnia
175 2245 264 2310 illius
294 2245 408 2330 adyta,
438 2244 687 2328 contemplanda
717 2245 864 2328 inprimis
896 2246 998 2330 ipsius

57 2330 119 2396 deae
144 2333 253 2398 forma
280 2337 312 2397 et
338 2337 409 2398 tum
432 2355 513 2417 quae
537 2337 720 2417 quantaque
743 2335 791 2398 vis
809 2334 895 2399 illius
909 2339 998 2418 pote-

56 2424 169 2505 stasque
199 2423 256 2506 sit,
278 2425 349 2486 tum
372 2421 487 2505 quibus
510 2423 581 2505 ipsa
604 2444 638 2486 se
660 2422 770 2505 rebus,
793 2422 908 2506 quibus
931 2423 999 2486 riti-

8 2571 9 2584 ,
56 2506 104 2572 bus
124 2511 187 2575 0011
210 2510 365 2595 gaudeat,
388 2511 647 2595 cognoscendum
666 2514 723 2575 est.
758 2509 849 2574 Haec
871 2511 927 2574 illa
941 2514 1001 2595 est,

56 2597 217 2683 auditores,
250 2599 394 2664 omnium
426 2599 556 2664 domina
583 2603 616 2664 et
642 2599 755 2684 regina
782 2600 951 2682 virtutum,
979 2621 1000 2662 a

56 2705 107 2766 qua
119 2687 153 2751 in
167 2709 264 2751 omne
278 2687 447 2751 hominum
465 2708 567 2772 genus
585 2689 673 2772 leges
687 2691 720 2752 01
733 2687 803 2752 iura
817 2690 1000 2771 manarunt,

8 2771 9 2776 ’
56 2793 124 2854 quae
136 2775 318 2840 benefactis
331 2776 471 2841 honores
485 2780 518 2840 01
535 2777 691 2860 praemia,
710 2776 888 2840 malefactis
906 2776 999 2861 igno-

8 2879 10 2952 ξ
56 2863 158 2928 minias
182 2868 215 2928 et
238 2865 396 2949 supplicia
418 2886 616 2948 proponens,
640 2865 747 2930 studia
769 2865 929 2930 bonorum
948 2885 999 2926 ex-

8 2957 10 2988 *
56 2949 135 3035 citat,
156 2953 317 3018 malorum
343 2953 584 3036 improbitatem
607 2957 744 3036 coercet,
772 2974 836 3037 qua
863 2951 1000 3034 sublata,
1044 3013 1046 3016 .

8 3027 10 3052 ⁸
54 3058 113 3103 ncn
133 3041 247 3106 domus
270 3041 350 3125 ulla,
376 3063 444 3107 non
472 3042 598 3126 civitas,
624 3063 693 3106 non
718 3040 887 3105 hominum
914 3039 1001 3103 inter

8 3155 10 3200 i
55 3147 82 3189 se
116 3130 264 3214 societas,
300 3152 368 3196 non
402 3130 475 3214 ipsa
508 3131 644 3214 denique
672 3128 865 3194 universitas
892 3149 1000 3192 rerum
1078 3141 1080 3146 ’

8 3223 9 3296 3
55 3216 130 3281 stare
148 3218 288 3283 actuari
306 3241 339 3282 se
357 3223 514 3305 punctum
536 3217 691 3303 temporis
709 3220 828 3301 posset.
859 3215 1003 3301 Etenim,

8 3327 10 3374 1
55 3306 197 3386 quoniam
219 3307 395 3372 hodiernus
423 3308 490 3371 dies
519 3311 642 3372 ceterae
670 3306 898 3390 disputationis
926 3329 999 3389 pro-

8 3381 10 3486 l
54 3391 201 3459 lusionem
219 3396 316 3460 modo
335 3396 497 3480 quandam
514 3396 684 3461 habiturus
703 3398 765 3478 cst,
784 3395 901 3459 dabitis
919 3393 1001 3458 mihi

8 3491 10 3562 1
54 3477 129 3546 hanc
150 3483 293 3568 veniam,
314 3488 352 3549 ut
373 3485 482 3571 paullo
498 3484 596 3549 altius
614 3484 710 3548 huius
734 3483 889 3548 sermonis
912 3481 999 3564 prin-

8 3595 10 3682 ,
54 3569 128 3654 cipia
158 3576 323 3658 repetens,
349 3594 535 3659 percurram
558 3595 609 3658 aa,
637 3593 718 3656 quae
736 3571 854 3655 'priscis
876 3572 1001 3652 tempo·

8 3853 12 3915 1
