2330 3944
380 205 516 274 ORATIO
536 209 608 266 XVL
909 213 973 278 155

44 350 138 414 latino
158 371 305 416 ’sermone
333 355 533 436 constarent,
565 373 712 420 caussam
744 377 813 420 esre
840 357 972 442 nullam,

43 462 95 521 our,
115 441 160 502 tot
181 439 358 524 potioribus
383 441 522 525 omissis,
549 441 585 504 in
608 463 645 506 eo
669 443 874 526 potissimum
896 467 972 510 oon·

43 528 115 590 fioere
127 527 218 592 huius
231 528 309 592 anni
328 529 522 594 auunculum
539 530 663 594 vellem.
691 529 843 616 adquae
863 535 973 598 omnia

41 615 207 700 respondere
225 617 391 701 constitui,
414 639 455 683 ne
473 617 691 702 praeiudicata
710 621 885 686 multorum
905 622 972 706 opi-

42 704 82 766 nio
98 704 277 787 cuiusquam
295 708 437 770 vestrum
461 709 518 776 aut
540 707 685 772 animum
707 712 822 774 avocet
845 713 902 774 aut
924 731 972 774 re·

42 791 124 856 tardet
144 792 344 864 industriam.

89 879 225 945 Primum
251 881 351 966 igitur
383 882 651 950 oonsiderandum
683 887 745 969 est,
776 885 973 970 respublicas

42 967 114 1034 hodie
141 989 298 1054 perquam
329 991 449 1054 paucas
481 993 564 1038 esse:
599 973 722 1041 nullam
759 994 828 1040 esse
859 996 973 1058 prope-

42 1057 146 1122 modum
177 1062 320 1142 gentem,
353 1081 434 1142 quae
466 1081 534 1126 non
565 1060 606 1125 ab
639 1061 735 1126 unius
761 1066 845 1128 nutu
877 1065 973 1146 atque

42 1145 148 1210 arbitrio
183 1147 338 1230 pendeat,
379 1148 436 1214 uni
476 1152 603 1233 pareat,
644 1149 685 1214 ab
727 1171 792 1216 uno
832 1154 973 1236 regatur.

41 1230 107 1318 Ergo
128 1233 188 1299 hao
213 1235 330 1300 saltem
351 1236 386 1300 in
407 1240 500 1321 parte
522 1237 655 1322 propius
679 1238 802 1306 aceedit
824 1239 865 1306 ad
888 1239 973 1304 sirni-

41 1321 183 1388 litudinem
211 1327 394 1408 temporum
420 1329 605 1392 nostrorum
637 1329 741 1392 status
773 1327 826 1392 ille
858 1348 974 1412 rerum,

41 1409 80 1492 qui
105 1410 160 1476 sub
193 1410 461 1498 imperatoribus,
492 1425 604 1498 quam'
621 1415 676 1498 qui
707 1415 886 1498 imperante
917 1436 974 1500 po-

41 1499 96 1580 pulo
128 1499 198 1584 fuit
250 1498 320 1576 Quo
357 1505 465 1568 autem
507 1524 651 1586 quaeque
691 1502 828 1568 historia
867 1521 975 1568 rerum

40 1591 200 1654 numerum
224 1589 358 1654 similior
380 1593 442 1675 eat,
469 1611 507 1656 eo
534 1591 629 1676 plura
657 1594 733 1656 sunt
755 1591 791 1658 in
813 1612 865 1676 ea,
892 1613 974 1677 quae

41 1673 187 1762 diseamus,
232 1699 314 1761 quae
354 1679 395 1744 ad
431 1698 526 1746 usum
562 1679 779 1764 conferamus,
815 1701 898 1768 quae
934 1679 977 1746 ad

40 1764 117 1830 ritem
137 1787 309 1850 moresque
331 1767 518 1834 referamus.
554 1766 756 1852 Quamquam
783 1772 892 1836 autem
914 1768 976 1834 Dei

40 1851 169 1920 beneficio
194 1858 286 1920 aetas
309 1859 422 1922 nostra
446 1855 604 1940 Tiberine,
627 1855 803 1942 Caligulas,
826 1856 973 1922 Nerones

41 1943 225 2028 nonhabet,
256 1944 389 2028 prodest
416 1949 527 2014 tamen
559 1946 653 2028 seire,
684 1945 846 2028 quomodo
877 1945 976 2010 etiam

42 2029 86 2092 sub
102 2032 160 2097 illis
184 2031 249 2096 viri
271 2033 349 2097 boni
372 2053 410 2098 ao
432 2033 605 2117 prudentes
635 2033 787 2118 vixerint,
814 2032 975 2116 quomodo
1054 2111 1057 2120 y

43 2120 67 2178 et
93 2117 246 2203 quatenus
282 2121 411 2186 illorum
443 2122 521 2186 vitia
557 2121 692 2188 tulerint
727 2143 765 2188 aa
797 2121 976 2186 dissimula-

40 2207 133 2292 verint,
155 2208 321 2293 quomodo
344 2231 448 2293 neque
470 2210 697 2294 intempestiva
715 2209 864 2276 libertate
885 2212 976 2274 uten-

41 2295 75 2356 tes
93 2296 189 2360 vitam
213 2318 306 2361 suam
335 2297 404 2364 sine
427 2299 494 2364 ulla
520 2299 650 2383 publiea
673 2299 813 2364 utilitate
835 2299 871 2364 in
893 2297 977 2382 peri·

40 2383 124 2448 culum
148 2385 343 2470 obiecerint,
370 2407 474 2472 neque
501 2391 612 2454 tamen
638 2387 734 2452 foeda
757 2408 793 2452 ao
820 2387 978 2472 probrosa

40 2468 199 2557 laudantes,
233 2473 360 2558 plaeere
387 2475 449 2540 sibi
475 2476 575 2542 ullam
605 2475 839 2560 turpitudinem
871 2478 977 2540 oeten·

39 2555 131 2625 derint.
167 2559 278 2626 Multa
304 2583 400 2647 saepe
423 2565 557 2630 suntin
579 2565 793 2648 principibus,
820 2584 902 2648 quae
929 2563 978 2628 vir

39 2644 121 2713 bonus
146 2651 282 2716 laudare
309 2671 377 2716 non
403 2655 525 2736 potest,
553 2656 666 2738 tegere
697 2657 731 2718 et
758 2652 978 2720 transmittere

39 2733 143 2804 silentio
171 2742 291 2824 potest.
332 2738 385 2804 Ad
412 2761 450 2804 ea
476 2741 648 2807 connivere
675 2742 730 2824 qui
756 2741 919 2824 nesciunt,
946 2741 979 2804 et

40 2823 86 2886 sibi
103 2827 283 2908 perieulum
306 2831 418 2892 areant
439 2831 473 2894 et
495 2830 582 2913 ipsos
606 2829 767 2913 prinsipes
791 2827 979 2913 plerumque

39 2907 192 2980 deteriores
215 2916 350 2982 faciunt.
382 2915 478 2982 Multi
501 2917 599 3002 enim,
622 2918 677 3001 qui
701 2918 779 2982 vitia
798 2939 857 2982 sua
879 2917 979 2980 latere

40 3001 167 3089 eredunt,
194 3008 313 3088 sponte
341 3026 379 3070 ea
406 3007 577 3089 paullatim
600 3009 734 3088 exuunt,
761 3025 803 3070 ne
827 3005 979 3088 detegam·

39 3089 89 3171 tm,
117 3094 149 3156 et
183 3093 260 3156 dum
288 3114 322 3156 se
349 3093 452 3172 bonos
480 3093 595 3160 haberi
620 3097 751 3178 putant,
783 3092 861 3158 boni
888 3091 980 3156 fiunt

38 3169 121 3244 iidem
153 3181 184 3244 ei
213 3181 448 3264 turpitudinem
479 3204 572 3248 suam
604 3183 713 3266 palam
745 3202 814 3246 esse
841 3180 981 3265 videant,

38 3259 88 3327 iam
111 3267 218 3334 famae
246 3271 363 3354 securi,
391 3291 472 3354 quae
501 3272 610 3356 palam
638 3271 700 3336 diei
722 3270 846 3354 vident,
869 3271 982 3354 ,palam

38 3372 148 3438 quoque
177 3355 303 3422 faciunt
329 3361 362 3424 et
393 3359 514 3424 famam
547 3359 623 3425 dum
650 3360 771 3426 bonam
800 3358 982 3442 desperant,

39 3443 139 3508 malam
173 3447 353 3532 negligunt.
394 3446 509 3512 Melius
542 3451 651 3512 autem
681 3448 765 3514 feret
790 3447 917 3512 minora
949 3447 983 3510 et

37 3532 179 3608 pauciora
204 3535 386 3622 principum
413 3536 505 3620 vitia,
533 3537 601 3620 qui,
628 3535 788 3621 quomodo
816 3535 894 3598 olim
921 3532 984 3598 viri
