2368 3956
400 179 521 236 CAPUT
539 179 624 238 XLII.
922 178 990 245 175

366 391 517 460 CAPUT
537 393 637 460 XLII.

102 493 298 552 EMENDATI
315 495 400 551 LOOI
418 495 580 564 ALIQUO'I'
598 497 648 553 EX
666 495 781 554 PRIMO
800 497 909 554 LIBRO

64 585 260 639 ANNALIUM
282 583 405 640 TAGITI
426 585 475 640 AB
497 584 659 640 EXGESSU
681 587 759 641 DIVI
781 585 949 642 AUGUSTI.

92 691 197 758 Multa
222 694 288 758 iam
315 693 439 777 pridem
465 697 654 760 notaveram
680 695 716 758 in
743 693 777 762 Ο.
801 693 990 762 Cornelium

37 779 184 864 Tacitum,
208 802 323 866 eaque,
345 785 382 846 ut
405 783 505 864 soleo,
529 803 602 848 cum
629 784 740 848 amicis
768 785 988 867 compluribus

38 871 348 954 communicaveram,
371 871 616 955 cogitabamque
631 893 718 955 eum,
741 872 769 936 si
790 872 920 937 daretur
934 894 986 938 oc·

38 960 127 1042 casio,
149 959 244 1022 edere
266 979 286 1022 a
308 959 418 1024 multis
441 959 546 1028 studio
570 962 666 1044 atque
690 981 788 1044 opera
805 983 879 1024 mea
901 983 987 1026 erro·

37 1069 100 1110 rum
129 1047 265 1111 maculis
292 1046 497 1112 vindicatum.
551 1045 613 1112 Sed
645 1048 721 1112 dum
753 1048 838 1113 diem
867 1071 905 1114 ex
935 1049 986 1114 die

38 1136 107 1200 duco
135 1139 325 1218 exspectans
352 1136 421 1200 eius
449 1135 535 1219 quod
557 1136 665 1202 animo
689 1157 897 1221 conceperam
920 1137 987 1202 effi·

38 1223 131 1286 ciendi
145 1226 243 1308 atque
257 1223 449 1308 exsequendi
461 1224 694 1288 maturitatem:
718 1245 789 1290 ecce
804 1227 864 1290 tibi
876 1226 988 1291 Iustus

38 1310 170 1396 Lipsius,
193 1312 379 1377 adolescens
393 1311 534 1397 eleganti
552 1312 683 1397 ingenio
706 1314 870 1398 praeditus
892 1315 985 1378 mihi-

39 1421 100 1484 que,
128 1400 205 1465 dum
227 1399 350 1466 Romae
372 1399 448 1485 fuit,
474 1401 715 1484 perfamiliaris,
745 1402 814 1466 tam
842 1402 897 1467 diu
925 1403 987 1468 sibi

39 1488 245 1554 cmctandum
267 1509 336 1554 esse
358 1509 427 1554 non
448 1489 584 1573 putavit.
635 1486 698 1554 Sed
720 1510 794 1554 cum
816 1491 885 1574 ipse
909 1511 989 1574 quos

39 1599 91 1660 que
113 1597 153 1640 ex
174 1577 336 1642 veteribus
357 1577 459 1662 libris,
481 1599 562 1663 quos
575 1577 628 1642 hic
646 1581 761 1642 nactus
784 1582 862 1661 erat,
885 1580 990 1643 multa

40 1665 232 1750 correxisset,
258 1667 416 1730 nonnulla
443 1667 541 1730 etiam
564 1670 656 1730 acute
684 1670 717 1730 et
743 1667 911 1751 ingeniose
934 1689 986 1732 ex-

40 1755 213 1838 cogitasset,
226 1753 330 1819 Taciti
352 1754 452 1820 libros
467 1776 486 1820 a
509 1775 542 1818 se
557 1754 743 1819 emendatos
758 1759 791 1819 et
808 1756 990 1822 illustratos

40 1843 214 1924 publicavit.
259 1842 321 1918 Qui
344 1864 416 1908 cum
439 1842 480 1906 ad
502 1863 554 1906 me
581 1844 698 1926 perlati
720 1847 841 1927 essent,
869 1866 988 1928 eosque

41 1952 95 1994 una
130 1951 191 2015 ego
228 1934 261 1994 et
290 1929 460 1996 (liebertus
492 1929 603 1996 Oddus
638 1931 826 2016 Perusinus,
858 1933 986 2017 quicum

42 2039 92 2103 ego
114 2024 189 2084 ante
211 2019 272 2084 hos
295 2019 462 2084 duodecim
489 2041 592 2084 annos
615 2018 762 2084 Tacitum
788 2023 895 2084 totum
918 2019 989 2084 dili-

42 2111 144 2190 genter
171 2109 364 2191 evolveram,
392 2107 516 2173 curiose
539 2129 613 2178 cum
635 2129 687 2191 ec,
715 2108 866 2192 quitum
894 2129 913 2171 a
936 2129 987 2172 me

43 2195 218 2260 emendatus
233 2199 315 2281 erat,
338 2197 482 2262 conferre
497 2219 533 2261 ac
552 2197 745 2260 contendere
763 2195 992 2280 coepissemus,

43 2283 298 2368 deprehendimus
311 2285 358 2352 ita
371 2305 466 2370 saepe
479 2285 650 2350 incurrisse
659 2288 831 2370 utrumque
840 2288 988 2350 nostrum

43 2371 71 2435 in
94 2373 205 2438 eadem
227 2373 379 2459 vestigia,
405 2377 455 2457 ut,
485 2375 540 2458 qui
562 2395 630 2438 rem
652 2395 721 2439 non
742 2377 862 2457 nosset,
884 2374 991 2457 plera-v

44 2481 94 2543 que
108 2461 281 2546 sumpsisse
296 2463 432 2527 alterum
447 2462 488 2525 ab
502 2463 603 2526 altero
623 2463 849 2546 suspicaretur.
885 2459 989 2536 Quam

44 2551 140 2614 tamen
162 2550 378 2634 suspicionem
401 2571 421 2614 a
442 2571 507 2633 me,
530 2551 558 2614 si
579 2550 661 2614 nihil
684 2551 785 2633 aliud,
806 2554 989 2633 temporum

44 2638 114 2702 ratio
135 2639 231 2703 facile
254 2639 418 2722 amolitur,
440 2659 543 2722 neque
558 2639 671 2703 cadere
693 2639 728 2702 in
741 2637 888 2721 Lipsium
911 2638 993 2700 sinit

45 2724 110 2790 fides
131 2727 233 2811 ipsius
256 2748 295 2792 ac
316 2727 475 2811 probitas,
502 2749 566 2811 qua
588 2727 643 2790 ille
665 2746 733 2790 non
760 2725 867 2790 minus
891 2745 990 2810 quam

45 2813 162 2898 ingenio
196 2815 330 2880 excellit.
385 2814 522 2880 Gavisus
554 2837 626 2880 sum
658 2813 868 2897 adolescenti,
899 2813 992 2878 cuius

46 2921 95 2985 ego
108 2905 262 2968 crescenti
285 2903 405 2989 gloriae
427 2905 600 2988 plurimum
622 2903 725 2986 faveo,
745 2905 872 2967 tantam
895 2901 990 2965 exsti-

45 2989 111 3054 tisse
132 3013 257 3058 mecum
279 2992 331 3056 his
354 3007 480 3078 quoque
502 2993 538 3056 in
560 2992 656 3056 rebus
684 2990 929 3056 consensionem
952 3011 991 3054 ac

46 3073 141 3143 iudicii
164 3081 422 3146 similitudinem:
446 3084 609 3146 ettamen
631 3081 735 3164 pauca
757 3077 927 3164 quaedam,
954 3078 990 3142 in

48 3185 169 3246 quorum
195 3170 360 3234 nonnullis
387 3190 455 3234 non
481 3190 613 3252 prorsus
636 3169 717 3232 mihi
739 3188 812 3232 cum
834 3167 890 3231 illo
914 3189 990 3231 con-

46 3256 135 3340 venit,
166 3257 364 3322 subiicienda
391 3257 480 3342 duxi,
510 3279 577 3322 non
603 3259 673 3321 tam
700 3255 844 3320 certandi
874 3255 991 3337 studio,

49 3361 132 3422 quam
152 3349 284 3430 propter
297 3367 448 3428 amorem,
470 3349 507 3410 ut
520 3346 568 3410 ait
580 3348 672 3410 vetus
685 3347 782 3430 potita
788 3342 822 3432 ¹).
845 3342 990 3407 Primum

112 3516 130 3586 ¹)
146 3517 292 3576 lucretius
310 3520 344 3574 de
362 3519 426 3575 Rer.
445 3519 510 3575 Nat.
530 3519 577 3576 111.
596 3524 621 3577 5.
