2360 3944
195 1207 300 1309 „Etsi
322 1247 418 1290 nemo
441 1224 580 1308 dubitat,
604 1223 682 1308 quin
703 1223 851 1287 iuventus
875 1222 916 1286 ad
931 1221 1082 1286 Latinam

117 1332 342 1414 eloquentiam
381 1329 585 1394 informanda
624 1330 659 1392 in
694 1331 838 1394 veterum
881 1327 1082 1413 scriptorum,

116 1437 260 1500 maxime
298 1435 474 1519 Ciceronis,
509 1436 645 1500 lectione
683 1434 876 1499 continenda
913 1434 966 1516 sit,
1003 1435 1082 1497 utile

116 1545 232 1604 tamen
255 1544 317 1626 est,
340 1559 441 1606 unam
464 1543 637 1605 alterumve
661 1562 677 1604 e
701 1540 828 1604 disertis
851 1539 1081 1604 recentioribus

118 1648 288 1731 cognosci,
323 1651 361 1712 ut
394 1648 462 1712 eius
495 1648 640 1730 exemplo
673 1647 725 1710 via
756 1646 901 1730 ratioque
932 1645 1083 1709 imitandi

117 1752 247 1818 facilius
274 1753 483 1838 intelligatur.
529 1751 589 1817 Oui
617 1752 750 1816 consilio
779 1752 849 1835 quis
877 1753 985 1834 potest
1011 1772 1081 1814 esse

118 1859 392 1924 accommodatior
414 1881 512 1943 quam
534 1857 701 1922 Muretus?
727 1879 787 1921 nec
809 1861 919 1921 tamen
945 1857 1082 1920 eundem

117 1964 154 2026 in
192 1964 319 2032 scholas
360 1964 459 2054 recipi
499 1964 595 2028 velim
633 1967 666 2026 et
709 1967 876 2046 tamquam
912 1962 1082 2026 classicum

2 2067 7 2078 '
119 2068 310 2151 scriptorem
341 2069 484 2154 praelegi
516 2068 783 2133 adolescentibus:
817 2071 855 2131 ut
880 2068 916 2130 in
950 2067 1081 2150 quibus·

118 2173 196 2238 dam
215 2173 406 2240 Germaniae
426 2175 543 2239 scholis
563 2195 614 2238 me
637 2195 736 2257 puero
758 2173 827 2236 fieri
850 2173 1039 2237 solebat...
1055 2171 1083 2236 .“

784 2294 1035 2381 (Ruhnkcnius.)

194 2455 378 2540 „Equidem
401 2477 494 2540 saepe
519 2456 730 2521 animadverti
751 2455 912 2538 homines,
938 2454 993 2538 qui
1014 2453 1080 2535 pri·

117 2582 209 2624 mum
238 2562 278 2624 ad
302 2561 463 2628 Ciceronis
491 2562 660 2626 lectionem
687 2561 853 2644 accedunt,
880 2560 984 2644 magis
1008 2559 1080 2642 capi

1 2715 2 2726 ,
118 2687 157 2729 ac
182 2666 333 2735 delectari
360 2667 487 2750 scriptis
510 2666 628 2731 Mureti
651 2670 683 2730 et
705 2667 871 2731 similium:
899 2688 966 2730 non
994 2664 1081 2747 quod

117 2769 235 2835 horum
268 2773 371 2836 oratio
402 2757 508 2836 minus
544 2771 660 2836 Latina
692 2774 825 2857 ideoque
862 2771 987 2834 facilior
1023 2769 1080 2834 sit:

117 2877 177 2940 scd
204 2877 290 2960 quod
320 2878 404 2942 ratio
435 2878 633 2962 materiaque
659 2882 789 2943 nostrae
820 2877 919 2942 aetati
945 2875 1082 2940 nostris·

117 3003 182 3065 que
203 2983 343 3066 ingeniis
370 2984 473 3067 magis
502 2987 597 3066 aptae
620 2987 703 3048 sunt.
748 2981 875 3048 Horum
896 3003 956 3046 nos
984 2980 1080 3045 lectio

118 3088 214 3171 quasi
237 3089 356 3153 blanda
373 3111 476 3153 manu
499 3089 540 3152 ad
562 3089 696 3153 Veteres
720 3090 818 3173 ducit,
846 3091 957 3172 estque
980 3087 1082 3150 veluti

1 3223 2 3250 1
118 3189 291 3272 ἐπιβάθρα
324 3216 380 3258 seu
412 3195 529 3278 gradus
562 3199 595 3258 et
626 3195 731 3258 aditus
768 3193 809 3258 ad
840 3193 988 3276 Veteres,
1019 3193 1083 3262 ‚sed

1 3333 2 3359 1
115 3319 218 3380 purus
251 3299 306 3364 ille
340 3303 523 3384 castusque,
559 3302 643 3364 unde
679 3301 727 3364 nil
763 3301 905 3365 sordium
937 3300 978 3362 ad
1008 3298 1081 3382 ipsa

1 3411 2 3488 ᾗ
115 3423 231 3468 eorum
259 3405 399 3469 sacraria
426 3407 615 3472 adferamus.
661 3405 768 3491 Oerte,
796 3407 824 3472 si
851 3406 928 3491 quid
955 3425 1015 3488 ego
1038 3404 1081 3472 ad
