2360 3944
206 238 249 301 60
581 231 717 288 carrio
736 231 784 286 vr.

206 401 329 463 corpore
360 385 506 446 secretim
536 399 631 460 raeque
662 398 731 442 curu
754 378 857 442 ceteris
885 377 1027 442 omnibu
1057 383 1165 459 tacipe-

206 476 319 534 ratum.
360 468 449 534 Haec
476 466 685 552 Hippocratis
713 466 812 529 verba
838 466 909 549 ipsa
937 467 1098 550 expressi,
1132 489 1166 530 er

208 559 324 641 quibus
338 557 563 642 intelligimus,
585 554 882 638 inaequabilitate,
906 554 996 618 cuius
1022 554 1166 618 effectrix

208 647 332 710 iustitia
355 650 416 730 est,
439 646 536 710 sitam
558 665 627 708 esse
650 643 771 707 bonam
794 643 937 726 corporis
961 644 1165 708 constitutio-

207 756 291 800 nem.
333 733 395 800 Sed
422 756 462 799 nc
491 734 534 798 ali
562 731 691 816 quidem
719 753 834 815 corpus
863 731 985 795 utiliter
1013 753 1052 795 ac
1083 734 1165 796 salu-

207 825 321 888 tariter
349 825 417 888 sine
449 823 558 904 aliqua
589 820 730 905 imagine
762 820 903 884 iustitiae
934 823 1052 903 potest.
1096 819 1166 884 Nisi

209 914 295 976 enim
322 913 370 976 vis
398 911 506 994 aliqua
534 910 588 994 sit,
621 931 702 992 quae
730 910 763 972 et
790 909 910 973 siccum
937 911 969 971 et
995 908 1166 972 humidum

209 1002 410 1084 alimentum,
433 999 489 1063 ubi
511 999 577 1062 iam
599 1001 726 1062 coctum
749 1000 845 1080 atque
869 996 1053 1062 censentem
1078 999 1167 1061 11111

209 1109 340 1152 succum
362 1109 400 1152 ac
428 1087 618 1172 sanguinem
648 1107 838 1150 conversum
866 1089 927 1168 est,
955 1086 1168 1168 aequabiliter

209 1175 383 1240 distribuat
405 1197 442 1240 ac
466 1176 634 1259 dispertiat
651 1167 748 1258 atque
771 1174 818 1257 id,
842 1173 928 1257 quod
947 1173 1061 1256 cuique
1082 1177 1167 1258 parti

210 1267 322 1348 aptum
345 1268 378 1328 11
401 1264 677 1328 accommodatum
700 1266 749 1328 cst
772 1266 804 1326 11
827 1265 983 1345 quantum
1002 1284 1088 1346 opus
1113 1269 1167 1347 est,

208 1353 345 1437 tribuat,
367 1375 470 1436 neque
495 1353 573 1416 alias
596 1356 704 1436 partes
726 1351 866 1414 tumidas
889 1354 922 1414 et
939 1351 1167 1434 redundantes

210 1442 290 1506 alias
318 1441 490 1506 exhaustas
514 1445 546 1504 11
569 1443 696 1504 enectae
720 1461 788 1503 esse
812 1439 967 1524 patiatur:
994 1439 1093 1504 facile
1122 1443 1166 1504 in·

209 1531 399 1614 telligimus,
429 1530 510 1594 haec
537 1533 604 1592 tam
637 1528 833 1592 admirabilis
865 1527 989 1591 fabrica
1021 1531 1166 1612 corporis

210 1619 315 1685 nostri
347 1622 502 1700 quantam
539 1617 776 1680 deformitatem
811 1616 961 1680 habitura
999 1621 1031 1680 11
1069 1639 1167 1700 quam

211 1706 275 1770 cito
302 1706 426 1769 ruitura
455 1707 505 1768 sit.
545 1704 653 1788 Atque
679 1705 760 1769 haec
787 1705 822 1768 in
848 1705 1045 1788 corporibus,
1084 1705 1167 1782 Quid

210 1794 245 1858 in
269 1793 407 1858 animis?
436 1796 593 1876 quantum
619 1793 780 1857 bonorum
803 1815 822 1856 a
848 1793 993 1876 iustitia,
1007 1799 1167 1877 quantum

210 1883 438 1948 malorum'ab
470 1881 630 1946 iniustitia
662 1881 747 1945 effici
780 1881 930 1946 creditis?
976 1881 1016 1944 In
1049 1885 1168 1966 quibus

212 1992 284 2037 cum
298 1994 373 2056 pars
387 1994 452 2038 una
467 1971 521 2056 sit,
536 1993 599 2055 qua
612 1970 836 2055 intelligimus,
850 1992 913 2053 qua
926 1971 1168 2056 ratiocinamur,

212 2083 276 2145 qua
289 2063 433 2145 proxime
448 2061 489 2126 ad
507 2061 649 2125 divinam
671 2064 821 2122 naturam
840 2058 1032 2142 accedimus3
1056 2062 1169 2144 altera,

212 2172 294 2234 quae
316 2151 451 2215 rationis
474 2151 545 2235 ipsa
568 2148 696 2232 quidem
719 2169 776 2231 per
798 2169 831 2211 se
849 2147 1010 2232 particeps
1024 2170 1095 2213 non
1110 2155 1169 2230 cst,

212 2239 269 2301 sed
293 2237 513 2320 obtemperare
536 2240 646 2303 tamen
672 2235 792 2301 rationi
818 2239 937 2320 potest:
966 2255 1060 2321 cum,
1080 2240 1170 2322 quod

212 2324 282 2388 fieri
304 2325 354 2390 ius
378 2329 439 2408 est,
462 2325 495 2389 id
517 2325 568 2409 fit,
590 2325 653 2390 hoc
676 2328 738 2408 est,
762 2346 834 2388 cum
856 2346 931 2408 pars
950 2325 1006 2390 illa
1021 2329 1170 2410 superior

211 2413 363 2497 imperat,
386 2416 418 2477 11
440 2416 596 2498 tanquam
618 2414 762 2478 habenas
785 2416 899 2477 tenens
923 2435 1049 2478 currum
1073 2416 1171 2500 regit,

212 2505 306 2586 paret
338 2502 439 2566 altera
472 2506 517 2586 et,
549 2525 611 2586 quo
639 2503 696 2566 illa
724 2523 848 2584 cunque
877 2501 985 2586 ducet,
1013 2504 1171 2586 sequitur,

212 2593 283 2674 tum
306 2591 411 2656 omnis
433 2591 600 2676 honestas,
628 2591 732 2656 omnis
756 2591 916 2676 dignitas,
940 2591 1044 2656 omnis
1068 2591 1171 2657 officii

213 2700 251 2744 ac
283 2679 410 2744 virtutis
447 2681 598 2764 splendor
630 2681 741 2744 elucet.
782 2679 828 2743 At
859 2701 932 2744 cum
964 2700 1097 2744 excusso
1133 2703 1171 2745 ac

213 2768 348 2852 depulso
376 2769 511 2834 rationis
543 2771 634 2854 iugo,
666 2767 838 2854 cupiditas,
871 2767 964 2852 quasi
995 2767 1172 2833 seditiosus

213 2858 328 2942 aliquis
348 2879 385 2922 ac
403 2859 608 2922 turbulentus
628 2858 718 2941 civia,
740 2857 844 2920 fasces
863 2857 988 2940 arripit,
1007 2857 1042 2920 in
1061 2879 1172 2922 arcam

212 2947 350 3032 invadit,
373 2951 514 3012 mentem
537 2948 576 3011 de
599 2969 657 3011 sua
680 2945 753 3010 sede
770 2948 883 3010 contra
904 2945 955 3010 ius
977 2945 1091 3028 fasque
1117 2947 1172 3009 de-

211 3038 336 3121 turbat,
358 3040 442 3122 tum,
469 3040 506 3102 ut
527 3036 620 3101 navis
648 3035 847 3100 discordibus
875 3037 948 3098 acta
974 3034 1094 3118 ventis,
1125 3036 1173 3099 sic

211 3123 352 3190 hominis
376 3128 443 3190 vita
466 3125 635 3192 contrariis
655 3128 687 3189 ct
704 3124 789 3188 inter
808 3145 842 3186 sc
860 3123 1082 3208 pugnantibus
1102 3123 1173 3186 fce-

213 3212 417 3277 dissimarum
444 3215 615 3278 libidinum
642 3213 772 3276 flatibus
805 3211 940 3296 agitata,
971 3211 1007 3274 in
1039 3233 1174 3276 omnem

212 3303 369 3386 scelerum
393 3321 429 3364 ac
452 3301 649 3386 flagitiorum
672 3301 905 3384 turpitudinem
922 3320 1076 3384 praeceps
1094 3301 1173 3364 ruit.

211 3387 295 3474 Ipsis
322 3389 423 3474 igitur
452 3393 484 3452 et
512 3390 693 3452 animorum
720 3393 753 3452 11
785 3410 954 3473 corporum
981 3392 1174 3453 nostrorum

210 3478 297 3544 inter
311 3497 344 3542 se
358 3476 518 3561 partibus,
532 3480 570 3540 ut
582 3477 726 3560 utrisque
740 3477 821 3540 bene
836 3497 874 3540 ac
892 3477 985 3541 beate
1004 3477 1060 3548 sit.
1077 3477 1175 3541 iusti-

210 3567 291 3632 tiam
314 3563 478 3650 quandam
498 3563 695 3629 intercedere
718 3585 848 3629 necesse
872 3569 929 3630 est.

646 3735 730 3804 R
