2328 3956
198 171 260 236 106
513 171 694 228 EPISTOLA
711 171 833 228 LXXVI.

195 317 275 382 mibi
303 318 427 384 animos
455 318 567 402 facies,
592 317 709 384 laxabo
740 317 889 384 fortassis
917 319 1026 383 frenos
1053 319 1151 382 ueteri

195 407 322 472 cuidam
345 407 515 472 ambitioni
532 429 631 492 meae,
655 429 752 492 quam
770 427 870 492 usquc
893 407 957 472 huc
979 409 1153 490 compressi

196 517 233 560 ac
256 496 408 581 continui,
431 497 626 577 attentabo,
650 495 768 580 siquid
790 495 1012 560 transmittere
1035 495 1079 560 ad
1101 518 1153 578 po-

196 588 298 650 steros
321 585 453 670 possim,
476 585 563 671 quod
576 605 628 649 me
651 585 739 664 vobis
763 606 890 670 quoque
914 605 1026 650 carum
1039 584 1153 649 vixisse

194 676 338 738 testetur.
374 673 465 739 Nihil
486 678 596 738 tamen
615 676 735 738 temere
754 674 928 758 suscipiam
940 694 1046 758 neque
1070 673 1154 759 quid-

196 784 294 846 quam
319 764 384 826 tale
413 764 562 846 tentabo,
592 762 658 826 nisi
683 765 721 826 tu
748 784 799 828 mc
831 763 922 847 prius
950 763 1153 848 arrogantiae

195 855 284 916 metu
306 851 462 916 liberaris.
507 851 635 916 Interea
662 854 738 935 peto
768 854 841 916 ate
870 855 993 936 quanta
1015 851 1155 916 maxima

196 941 401 1006 contentione
428 962 574 1025 possum,
602 940 743 1024 primum
769 943 806 1004 ut
832 960 883 1004 me
911 961 1014 1022 ames,
1042 939 1154 1004 deinde

195 1032 233 1092 nt
254 1031 325 1094 tum
348 1029 543 1094 serenissimi
556 1028 665 1112 Regis,
688 1031 758 1092 tum
773 1028 878 1092 affinis
902 1029 960 1112 tui,
982 1029 1045 1094 viri
1074 1029 1156 1093 omni

195 1117 289 1181 laude
329 1119 537 1200 praestantis,
578 1115 736 1181 Zamoscii
776 1117 1036 1182 benevolentiam
1082 1118 1155 1180 mihi

197 1206 285 1270 omni
307 1206 432 1272 ratione
455 1227 632 1273 conserves.
655 1204 746 1270 Vale.
769 1205 899 1274 Rornae.
923 1223 968 1274 tv.
991 1205 1068 1272 Kal.
1093 1206 1155 1271 Ian.

196 1313 388 1363 nnnxxxw.

587 1445 745 1459 *Ἥ

599 1613 747 1680 LXXVI.

391 1740 440 1815 M.
468 1740 711 1814 auronius
739 1739 963 1815 MURETUS

494 1877 525 1944 Q.
543 1877 660 1932 MARIO
681 1875 851 1932 OORRADO

643 1985 664 2028 s.
679 1986 706 2027 n.

262 2093 437 2179 Pergratae
475 2093 555 2158 mibi
586 2093 717 2158 senine
751 2093 877 2158 litterae
909 2097 993 2158 tuae.
1051 2091 1157 2160 Antea

198 2183 292 2266 enim,
314 2183 450 2266 fatebor,
474 2182 718 2248 subinvidebam
737 2181 939 2247 amicissimis
963 2183 1158 2267 quibusdam

197 2271 286 2356 meis,
310 2272 351 2336 ad
374 2293 454 2358 quos
477 2274 589 2336 extant
602 2269 757 2355 epistolae
779 2273 863 2354 tuae,
887 2271 974 2357 quod
995 2271 1033 2336 in
1058 2275 1108 2338 eis
1123 2274 1158 2336 ad

198 2381 249 2424 me
271 2361 361 2424 nulla
383 2361 550 2445 legeretur.
594 2359 753 2444 Aequod
779 2361 829 2444 tu,
857 2360 949 2446 quasi
975 2364 1157 2426 communis

198 2448 329 2532 quidam
352 2448 505 2528 omnium,
528 2448 640 2532 quiin
662 2447 757 2512 Italia
781 2451 865 2532 sunt,
888 2449 1092 2533 elegantium
1116 2457 1157 2515 at·

199 2557 260 2620 que
288 2536 485 2602 eruditorum
515 2537 684 2602 hominum
711 2539 816 2621 pater,
848 2557 921 2600 cum
948 2537 1044 2602 illam
1076 2540 1158 2604 inter

199 2645 253 2689 eos
277 2625 397 2710 gloriae
424 2647 462 2690 ac
488 2625 628 2690 nominis
655 2625 866 2690 hereditatem
888 2625 1062 2710 divideres,
1091 2629 1157 2692 nul·

197 2713 264 2778 lam
286 2713 366 2778 mihi
389 2714 456 2778 eius
479 2735 520 2778 nc
543 2714 705 2778 unciolam
728 2714 856 2799 quidem
875 2715 1082 2800 aspersisses,
1107 2717 1157 2780 sed

198 2824 250 2866 me
272 2805 429 2887 tanquam
451 2797 611 2887 ἄγροικόν
633 2825 709 2867 τινα
731 2799 796 2866 aul·
810 2797 961 2886 ἄμουσον
973 2805 1157 2888 praeteriis-

199 2913 264 2956 ses:
291 2891 473 2956 meditabar
500 2891 590 2976 olim,
619 2891 646 2956 si
672 2891 720 2956 ita
746 2891 813 2956 fors
840 2891 981 2976 tulisset,
1004 2893 1157 2960 adversus

197 2981 326 3046 tabulas
339 2983 413 3045 tuas
435 2979 606 3046 inofficiosi
620 2981 790 3066 querelam.
826 2979 929 3046 Extra
950 2981 1069 3060 iocum,
1085 2982 1157 3048 Gor·

198 3069 287 3154 rade,
318 3069 368 3134 vir
395 3069 514 3153 optime
542 3071 575 3132 et
606 3069 833 3152 eruditissime,
864 3069 960 3134 multi
985 3069 1053 3136 iam
1084 3073 1158 3137 anni

199 3161 287 3240 sunt,
317 3179 390 3222 cum
419 3179 436 3220 e
467 3157 667 3222 sermonibus
696 3157 837 3241 primum
859 3155 949 3222 Petri
971 3157 1018 3224 Io.
1085 3160 1157 3224 Per-

198 3245 336 3329 piniani,
365 3246 432 3329 qui,
460 3246 536 3309 dum
558 3245 651 3330 vixit,
678 3245 759 3310 mibi
782 3246 1066 3312 coniunctissimus
1090 3249 1157 3319 fuir

199 3333 313 3398 deinde
344 3334 446 3398 multo
484 3335 583 3398 etiam
618 3335 722 3419 magis
756 3355 794 3398 ex
825 3333 915 3398 libris
947 3335 1157 3419 epistolarum

199 3426 328 3487 tuarum
354 3421 438 3484 tanti
464 3424 497 3486 to
523 3421 620 3505 facio,
651 3425 689 3486 ut
715 3443 808 3487 verae
841 3443 878 3488 ao
905 3423 1028 3489 solidae
1055 3426 1156 3489 erudi-

199 3510 311 3594 tionis,
339 3509 457 3574 eximia
484 3510 622 3595 quadam
648 3509 784 3576 Latinae
817 3511 973 3577 orationis
1004 3513 1156 3579 facultate
