2360 3944
410 221 546 276 ORATIO
564 221 612 277 IV
944 225 986 287 41

67 363 108 424 illa
131 364 277 445 quaedam
309 368 341 428 et
372 367 546 449 simplicior
580 366 787 452 philosophia
817 370 887 432 tum
918 368 990 434 fuit.

66 450 176 516 Politior
196 455 305 516 nostra
327 453 458 518 haece
482 455 523 518 ad
546 477 640 520 usum
664 455 789 521 civilem
812 477 990 522 accommo-

66 539 160 622 datior,
181 562 260 624 quae
283 541 375 606 docet
360 545 502 626 t,opes,
531 543 559 607 si
587 544 658 628 quis
682 547 738 608 aut
761 566 780 607 a
802 545 991 628 parentibus

65 629 208 728 acceperit,
245 632 300 693 ιιι
335 593 493 694 industria
525 653 584 695 sua
616 632 802 733 quaesierit,
839 635 895 698 aut
880 633 991 697 talia

65 715 189 798 quapiam
199 679 399 782 honestat
348 723 399 782 ιιι
399 720 473 783 ione
484 719 524 783 ad
534 741 588 784 ιιι
596 720 789 807 pervenerit,
802 741 870 786 non
884 743 990 805 asper

64 803 162 868 caudas
184 808 241 868 ant
267 806 454 872 reiiciendas
482 830 564 891 esse,
591 809 646 873 sed
673 809 720 873 ιιι
747 808 926 891 habendas,
954 813 991 874 ut

64 891 179 975 virtutis,
204 915 272 958 non
299 897 336 958 ut
362 897 506 960 luxuriae
539 860 692 962 administ
677 900 753 962 tr.as
794 895 880 960 Nam
912 859 991 961 illud

64 979 124 1043 nihi
140 943 262 1064 qriidem
284 985 460 1067 permirum
474 985 575 1049 videri
589 986 684 1069 solet,
708 985 784 1070 quid
802 985 850 1049 ιιι
867 987 991 1050 veteres

20 1101 21 1108 ι
64 1068 98 1130 illi
119 1069 293 1154 iudicarint,
326 1093 393 1136 non
424 1095 517 1156 posse
546 1096 579 1137 se
603 1037 697 1138 simril
720 1077 753 1137 ιι
775 1094 843 1137 rem
872 1073 991 1137 habere

65 1156 131 1219 etin
151 1159 324 1241 sapientiae
348 1161 454 1224 studia
476 1162 668 1226 incumbere.
706 1160 768 1236 Qui
791 1161 870 1225 mihi
893 1161 991 1225 etiam

64 1243 196 1330 videntur,
224 1269 288 1330 quo
316 1248 403 1313 facto
384 1271 589 1314 osummam
616 1250 800 1316 divitiarum
828 1254 992 1334 contemp-

20 1389 21 1396 ,
65 1331 159 1397 donem
184 1335 366 1420 significare
394 1359 431 1401 ac
459 1359 536 1422 prae
564 1360 597 1402 se
624 1339 708 1403 ferre
736 1340 921 1420 voluerunt,
953 1360 991 1402 eo

20 1461 21 1470 ι
64 1419 115 1502 ipso
137 1423 291 1488 indicasse
318 1425 451 1489 nimiam
479 1427 641 1510 quandam
669 1448 747 1512 erga
775 1448 829 1490 eas
856 1389 991 1490 natiuae

20 1521 22 1566 ῑ
65 1529 120 1572 suae
142 1513 403 1597 propensionem,
430 1515 457 1578 si
485 1537 635 1580 nummos
661 1517 697 1580 in
724 1536 832 1578 arcam
855 1513 992 1578 condere

20 1679 21 1682 Ἴ
64 1617 112 1660 non
141 1604 303 1684 poterant,
343 1607 380 1666 ut
414 1624 483 1668 non
520 1625 630 1668 omnes
667 1603 799 1688 cogitat
790 1623 880 1668 lones
917 1624 992 1666 suas

65 1683 240 1752 beandam
283 1711 390 1754 arcam
431 1692 645 1776 includerent,
684 1713 802 1776 neque,
839 1690 992 1774 quamdiu

20 1759 21 1784 ¹
66 1774 266 1853 patrimonium
306 1779 483 1863 habebant,
528 1781 685 1864 imperare
727 1780 803 1864 sibi,
843 1782 880 1844 ut
920 1779 992 1843 aliis

20 1883 21 1886 ¹
20 1793 134 1925 iebus
170 1867 427 1950 contemplandis
474 1889 511 1932 ac
556 1867 787 1954 cognoscendis
831 1871 993 1932 vacarent.

20 1895 22 1994 l
66 1945 191 2031 Equidem
217 1976 388 2038 nunquam
411 1978 484 2020 eum
507 1957 641 2020 militem
666 1955 865 2021 laudaverim
888 1977 992 2038 neque

21 2079 23 2126 ,
21 1970 153 2103 uiam
177 2041 364 2108 habendum
396 2044 554 2128 duxerim,
585 2045 640 2129 qui
667 2043 885 2109 adversarium
912 2065 932 2106 a
959 2065 992 2106 se

21 2083 23 2178 i
68 2143 136 2204 quan
154 2130 343 2215 longissime
366 2137 526 2218 amoveat,
554 2155 595 2197 ne
618 2155 692 2198 cum
719 2153 756 2198 eo
779 2151 895 2196 manus
918 2151 993 2195 con

21 2235 22 2288 j
66 2219 137 2298 serat,
173 2220 229 2282 sed
268 2241 341 2284 eum
375 2222 497 2305 potius,
538 2222 593 2305 qui
628 2225 662 2286 ιι
697 2220 925 2306 congrediatur
961 2222 1019 2283 et·

21 2311 22 2328 ¹
66 2266 153 2450 uincdt.
181 2305 297 2392 Neque
319 2329 395 2374 vero
423 2310 530 2392 video,
557 2311 612 2393 qui
633 2310 741 2374 minus
762 2308 992 2393 impedimento

66 2393 238 2474 stegestas
277 2395 404 2480 studiis,
445 2419 542 2481 quam
582 2399 720 2463 divit1.ae
768 2397 908 2463 Necesse
944 2400 994 2460 est

21 2451 22 2544 l
66 2478 139 2563 enim,
166 2485 220 2567 qui
247 2485 335 2549 unde
366 2486 455 2549 ιιιιι
481 2507 548 2551 non
574 2484 686 2571 habet,
718 2508 792 2551 eum
818 2484 880 2550 sibi
907 2485 993 2548 vitae

21 2601 22 2616 ι
21 2531 177 2634 subsidia
199 2573 331 2637 aliunde
354 2595 519 2657 quaerere.
546 2575 581 2638 in
604 2596 667 2659 quo
691 2578 848 2659 quantum
869 2577 992 2657 tempo

64 2671 95 2715 ns
122 2660 220 2744 ponit,
257 2665 330 2726 ιιιιι
331 2683 386 2725 um
417 2662 456 2726 de
489 2663 728 2746 sapientiaet
698 2663 811 2728 studiis
844 2662 992 2726 detrabit.

21 2725 24 2784 '³
64 2737 153 2810 Melius
186 2749 289 2852 igitur⁸
324 2749 545 2852 philosophia,
585 2752 637 2816 eui
673 2753 728 2836 qui
765 2773 798 2816 se
834 2751 992 2850 regendos

22 2837 23 2842 ’
64 2833 277 2927 permittunt,
268 2837 292 2901 ιι
315 2859 405 2922 opes,
428 2839 456 2902 ιι
478 2860 546 2903 non
567 2839 703 2924 habent,
725 2861 793 2905 non
815 2838 992 2921 requirunt,

65 2916 83 2978 si
116 2920 243 3010 habent,
288 2929 425 2991 utuntur
470 2931 507 2991 ut
551 2927 654 3011 decet,
699 2948 802 3012 neque
849 2947 993 3009 unquam

64 2975 243 3090 torquentur
260 3017 318 3078 aut
348 3015 488 3100 augendi
519 2979 695 3099 cupiditdte
731 3019 788 3080 aut
823 3013 993 3078 amittendi

64 3099 137 3162 netu

111 3183 186 3260 Quid
221 3212 283 3276 ego
316 3214 403 3257 nunc
439 3192 478 3257 de
514 3193 746 3277 perturbatrice
777 3193 992 3258 humanarum

64 3287 158 3360 rerum,
183 3279 299 3362 optimi
326 3281 478 3365 cuiusque
505 3282 629 3367 ingenii
652 3281 860 3366 corruptrice,
888 3281 992 3348 conci·

64 3325 158 3427 tatiiod
173 3367 332 3432 bellorum
355 3370 512 3454 omnium,
536 3371 724 3455 ambitione,
748 3392 845 3472 quam
867 3391 993 3471 semper

64 3444 141 3514 virere
165 3453 200 3518 in
222 3475 334 3520 eorum
361 3479 442 3541 quos
470 3459 568 3523 semel
590 3459 758 3561 occupavit
781 3458 909 3541 animis,
937 3479 992 3521 ne-

64 3552 108 3614 que
131 3561 272 3626 unquam
299 3566 540 3632 consenescere,
571 3547 779 3632 gravissimus
807 3509 919 3610 auctor
946 3546 993 3608 ait
