2326 3942
177 200 244 266 220
518 197 728 256 PRAEFATIO
746 198 795 256 VI.

176 349 210 410 te
241 345 326 409 viam
358 345 541 430 ingressum
579 348 636 410 aut
667 343 843 428 potiusin
807 364 915 408 mea
945 344 1012 410 iam
1042 346 1128 446 longe

176 453 383 517 progressum
418 433 541 516 uident,
576 434 611 496 in
649 456 713 518 qua
749 433 791 516 11,
826 435 865 496 ut
900 455 974 516 spes
1006 435 1128 498 minime

177 522 274 586 dubia
301 526 364 606 est,
395 523 586 622 perstiteris,
617 543 685 586 non
715 522 769 586 ille
798 521 885 605 apud
913 525 1100 605 posterost
1101 529 1128 588 ot

176 611 334 694 victoriis,
369 614 421 675 tot
459 611 575 694 opimis
612 611 737 694 spoliis,
773 613 825 674 111
858 611 1002 694 tropaeis
1044 634 1128 696 quam

175 701 208 762 te
235 699 302 764 filio
330 700 446 764 clarior
473 700 516 763 sit
542 699 678 764 futurus.
724 697 788 764 Sed
814 699 900 763 illius
930 699 1060 783 quidem
1086 723 1127 764 111

176 791 286 870 gestae
328 789 464 852 aliorum
509 787 727 852 monumentis
768 787 1032 871 celebrabuntur,
1070 792 1127 852 tun

175 876 345 960 praecipue
368 877 496 960 scriptis
518 876 655 942 Antonii
676 875 858 958 Possevini‚
884 876 1056 950 familiaris
1081 878 1129 960 tui,

176 964 384 1029 eruditissimi
405 966 546 1032 hominis
565 968 598 1028 et
618 965 659 1028 ad
681 965 946 1030 conscribendam
969 965 1128 1030 historiam

175 1052 267 1136 faeti,
299 1054 468 1120 tradentur
499 1054 674 1118 memoriae
705 1052 875 1118 hominurn
908 1055 1127 1137 sempiternam

174 1144 249 1206 tuas
276 1145 384 1206 autem
410 1143 472 1208 hoc
498 1144 569 1207 loeo
597 1142 743 1226 pluribus
767 1143 917 1227 persequi
939 1143 1031 1226 11111,
1057 1147 1129 1224 tum,

175 1250 218 1293 ne
240 1230 373 1294 modum
397 1231 553 1314 epistolae
576 1231 740 1311 excedam,
762 1235 846 1314 tum,
874 1231 961 1315 quod
983 1231 1065 1296 mihi
1086 1252 1127 1296 ve

176 1317 302 1382 niunt
292 1341 329 1384 1n
350 1324 494 1384 mentem
517 1320 682 1404 Euripidis
704 1342 830 1384 versus:
835 1316 867 1404 *)

282 1437 368 1494 Α1νύο
351 1460 450 1510 υμενοι
465 1436 651 1527 1111111111
668 1436 805 1526 τρόποντ
790 1435 854 1494 τινὰ

282 1515 325 1564 Μ
315 1529 377 1566 σο
379 1530 406 1567 σι
423 1532 528 1576 τους
510 1511 611 1566 ανοῦἰν
627 1507 747 1581 amulred
766 1509 835 1564 avt
766 1505 861 1566 αν’ωσ
882 1507 965 1580 ἄγαν.

175 1619 213 1684 Id
239 1622 312 1684 tant
313 1641 368 1684 um
394 1624 427 1684 te
454 1622 566 1704 orabo,
595 1625 645 1704 ut,
672 1642 744 1684 cum
772 1643 792 1684 1
818 1620 1043 1704 philosophiae
1072 1623 1128 1685 stu·

176 1707 282 1791 diis,
272 1729 308 1772 1n
335 1709 451 1793 quibus
473 1714 505 1772 te
530 1671 671 1793 qirotidie
694 1707 912 1775 Bernardinus
936 1709 1128 1794 Tomitanus,

176 1796 337 1882 singulare
357 1797 505 1862 Patavini
524 1799 685 1882 gymnasii
702 1797 811 1882 decus,
834 1801 970 1884 exercet,
992 1801 1128 1863 relaxare

176 1885 321 1950 animum
347 1887 449 1971 voles,
475 1887 706 1971 Propertianae
737 1888 868 1952 lectioni
894 1888 1050 1970 temporis
1081 1888 1126 1951 ali·

176 1974 253 2059 quid
274 1976 415 2040 tribuere
439 1998 479 2040 ne
502 1977 660 2061 graveris:
687 1977 723 2040 in
750 1997 815 2060 qua
842 1975 870 2039 si
892 1976 1043 2040 comitem
1066 1975 1129 2058 tibi,

175 2067 212 2128 ut
256 2064 417 2130 facturum
467 2085 621 2149 auguror,
669 2063 886 2148 Hippolytum
931 2062 1128 2149 Oapssnpnm,

174 2151 373 2236 Episcopum
413 2152 609 2238 Fanensem‚
650 2152 831 2217 incredibili
871 2155 904 2216 et
942 2153 1062 2217 virtute
1101 2157 1129 2216 et

176 2241 321 2306 doctrina
348 2242 525 2326 hominem,
558 2241 780 2324 assumpseris,
811 2239 959 2324 habebis,
991 2241 1048 2325 qui
1074 2240 1128 2305 tibi

174 2329 279 2413 possit
302 2350 352 2413 11,
381 2351 461 2413 quae
485 2353 505 2394 a
526 2351 578 2394 me
600 2331 651 2394 vel
674 2331 794 2395 omissa
815 2330 867 2394 vel
889 2351 956 2394 non
983 2329 1063 2394 satis
1086 2330 1127 2392 in·

174 2419 303 2482 tellecta
338 2422 427 2502 sunt,
463 2441 546 2483 unus
583 2419 703 2503 optime
740 2419 885 2484 omniurn
920 2417 1128 2504 interpretari.

175 2505 266 2571 Vale.
303 2505 438 2572 Patavii.
474 2507 546 2573 Kal.
584 2507 668 2574 Sext.
692 2525 842 2574 unnvur.

228 2664 255 2732 ἒ)
272 2662 334 2734 Iph.
345 2664 416 2751 hul.
436 2669 496 2720 980.
516 2682 538 2720 s.
