2360 3944
138 263 161 326 4
533 261 668 318 ORATIO
686 263 708 317 I.

139 407 315 491 coepimus,
348 407 386 470 de
414 407 485 490 ipso
518 427 619 489 prope
646 407 809 470 nutricum
837 409 985 489 acceptos
1013 407 1100 488 sinu,

139 495 325 559 titillatione
339 494 478 578 quadam
491 493 738 559 honestissimae
749 494 925 578 voluptatis
940 494 1100 578 alliciunt,

127 585 272 647 allectos
294 583 473 667 praeceptis
498 582 715 645 saluberrimis
735 584 910 666 complent,
932 604 1001 646 non
1023 587 1099 646 tan-
1171 605 1176 618 ·

139 675 210 734 tum
232 671 314 734 bene
337 670 476 753 dicendi,
499 691 611 734 verum
634 670 733 734 etiam
754 671 836 734 benc
859 671 987 734 vivendi
1010 693 1099 735 oom-

140 762 324 823 monstrant
341 759 422 840 vias3
445 758 590 822 excitant
608 758 644 821 in
663 759 779 822 animis
797 758 918 823 nostris
936 759 1099 843 igniculos

140 848 277 932 gloriae3
300 849 439 930 quantus
464 846 506 909 sit
527 845 563 909 in
585 846 705 910 virtute
729 847 892 930 splendor,
916 851 1038 929 quanta
1061 848 1100 910 in

139 936 227 1000 vitiis
258 935 457 1016 deformitas,
493 933 643 998 edocent:
679 956 761 1017 quae
792 935 847 1017 qui
880 935 977 998 semel
1012 935 1099 1000 bene

140 1024 269 1106 penitus
291 1022 490 1105 imbiberint,
512 1023 536 1085 ii
558 1044 725 1106 nunquam
747 1043 815 1086 non
837 1025 951 1106 postea
974 1026 1006 1086 et
1024 1023 1100 1087 vitii

140 1110 373 1194 turpitudinem
392 1111 480 1174 omni
499 1110 606 1174 studio
624 1109 799 1194 refugient,
822 1112 855 1173 et
876 1110 974 1174 officii
995 1109 1099 1175 hone-

140 1199 297 1280 statisque
319 1197 479 1262 rationem
500 1198 597 1262 rebus
620 1198 691 1261 aliis
715 1199 863 1262 omnibus
887 1201 1100 1282 anteponent.

140 1285 188 1350 Ut
214 1289 323 1350 autem
348 1287 384 1349 in
411 1289 553 1350 semente
584 1285 691 1368 posita
719 1307 792 1369 spes
820 1286 932 1350 messis
960 1289 1021 1368 est,
1048 1288 1101 1351 ita

139 1374 242 1438 totius
259 1374 401 1457 reliquae
415 1374 500 1437 vitae
517 1373 712 1456 exspectatio
727 1374 768 1436 ab
783 1373 972 1438 educatione
990 1375 1099 1457 pueri-

140 1463 205 1525 tiae
228 1463 356 1544 pendet.
391 1461 438 1526 Ut
456 1483 531 1526 vero
550 1461 710 1525 infirmam
732 1462 822 1525 illam
844 1461 986 1525 ineuntis
1009 1465 1100 1526 aeta-

140 1551 227 1612 tulae
250 1551 456 1614 teneritatem
477 1550 577 1614 robur
594 1550 828 1614 adolescentiae
852 1550 989 1633 excepit,
1013 1572 1100 1633 quae

140 1636 273 1700 tandem
301 1638 363 1700 alia
390 1659 441 1700 res
469 1640 526 1700 aut
552 1638 696 1700 animum
724 1639 961 1721 praeclararum
987 1659 1101 1702 rerum

142 1725 248 1788 studio
277 1724 462 1806 accendere,
494 1727 550 1787 aut
582 1724 788 1789 efferentibus
812 1747 884 1790 sese
912 1726 1100 1810 cupiditati-

141 1813 215 1895 bus,
238 1812 354 1895 quibus
377 1833 415 1875 ea
436 1833 512 1896 pars
535 1812 706 1895 insigniter
727 1814 845 1898 agitari
867 1815 962 1898 solet,
984 1815 1101 1880 frenos

141 1901 285 1984 iniicere,
321 1902 449 1984 praeter
479 1900 659 1964 litterarum
691 1902 931 1986 tractationem,
964 1903 1102 1986 potest?

143 1988 392 2053 Themistoclem
410 1989 500 2072 olim,
519 2009 592 2052 cum
610 2010 759 2053 somnum
777 2011 890 2074 capere
909 1990 1102 2056 adolescens

141 2099 210 2142 non
227 2081 349 2162 posset,
367 2077 471 2140 dicere
490 2077 620 2140 solitum
637 2077 783 2160 tradunt,
806 2100 839 2141 se
857 2077 1012 2142 Miltiadis
1030 2083 1102 2144 tro-

141 2188 223 2248 paeo
242 2166 403 2246 quiescere
419 2166 580 2228 volentem
598 2165 738 2229 excitari.
770 2165 898 2240 Quanto
917 2188 971 2231 eos
991 2167 1103 2232 acrius

142 2253 270 2315 incendi
298 2254 393 2334 atque
415 2251 609 2314 inflammari
630 2273 759 2317 necesse
786 2257 848 2337 est,
875 2255 930 2338 qui
953 2255 1104 2338 quotidie
1177 2303 1178 2310 ,

142 2361 211 2403 non
242 2339 351 2422 unice,
383 2339 439 2403 sed
467 2339 750 2406 innumerabilium
780 2342 949 2406 hominum
975 2343 1104 2408 virtute

142 2427 377 2511 praestantium
412 2431 546 2511 tropaea
581 2450 649 2494 non
681 2451 698 2492 e
729 2451 888 2494 marmore
919 2431 1105 2497 constituta
1176 2473 1177 2490 2

144 2515 185 2578 ad
208 2516 314 2600 exigui
338 2516 610 2600 praedicationem
631 2517 798 2600 temporis,
825 2517 880 2582 sed
903 2517 944 2582 ad
967 2541 1105 2586 ornnem

144 2605 368 2668 aeternitatem
391 2605 614 2669 commendata
635 2605 752 2668 litteris
774 2606 963 2670 intuentur?
1175 2669 1176 2678 ,

147 2727 151 2730 -
231 2691 344 2776 Neque
366 2714 442 2757 vero
461 2693 750 2777 pertimescendum
768 2697 829 2777 est,
852 2715 893 2758 ne
912 2698 969 2758 aut
985 2695 1107 2762 labore
1175 2685 1176 2692 ¹

142 2780 351 2880 frangantur,
379 2784 435 2844 aut
461 2781 638 2864 voluptatis
665 2781 853 2846 irretiantur
878 2783 1097 2849 illecebrisii

144 2869 199 2952 qui
227 2870 342 2932 aetatis
365 2890 441 2933 suae
467 2868 580 2933 florem
601 2869 823 2934 litterarums
824 2870 921 2936 tudiis
949 2871 1109 2937 dedican

143 2958 220 3021 dum
244 2979 312 3021 esse
336 2959 531 3039 statuerunt,
553 2961 646 3020 tanta
665 2957 838 3042 siquidem
856 2963 906 3023 est
924 2959 1108 3027 oblectatio

142 3046 313 3129 paullatim
326 3045 520 3129 acquirenda
534 3045 719 3128 cognitione
732 3068 839 3110 rerum
853 3069 921 3111 sese
934 3052 1109 3132 pascentis

143 3133 1110 3306 111111111111111111
1171 3209 1173 3214 ·

145 3309 335 3372 sentiantur.
375 3308 490 3391 Itaque
518 3310 679 3392 sapienter
710 3314 837 3394 poetae,
869 3332 942 3375 oum
974 3316 1110 3382 ceteros

145 3417 257 3461 omnes
270 3397 357 3462 Deos
371 3395 535 3460 Veneris
525 3398 660 3481 imperio
679 3399 936 3482 subdidissent,
927 3421 962 3464 m
980 3399 1111 3468 Miner-

144 3507 219 3548 vam
236 3484 332 3549 modo
352 3485 411 3548 et
401 3506 437 3547 111
455 3485 634 3550 studiorum
651 3486 813 3569 praesides
831 3485 941 3552 Musas
960 3489 1044 3553 nihil
1066 3496 1113 3576 ei,

144 3573 227 3636 nihil
242 3571 418 3656 Cupidini
409 3573 487 3636 ruris
506 3594 575 3637 esse
589 3573 768 3637 voluenmt
800 3573 886 3650 Quin
903 3577 1001 3640 etiam
1019 3547 1113 3647 illud
