2368 3956
395 243 514 300 CAPUT
532 244 619 301 XXII.
921 247 982 310 147

45 394 191 457 vectorum
223 391 337 475 plenas
370 411 439 454 esse
473 390 673 476 intelligunt3
711 391 849 456 subeunt
884 391 984 476 igitur

43 481 104 544 illas
125 484 156 544 et
177 501 217 544 ex
240 477 471 544 consuetudine
498 479 662 564 remigant
683 478 887 544 Britanniam
914 501 983 546 ver-

45 591 101 652 sus3
122 571 153 633 et
174 589 239 654 quo
263 567 384 652 alioqui
406 588 448 632 nc
470 567 550 633 velis
569 567 698 653 quidem
715 568 820 652 passis
843 569 983 634 secundo

42 660 123 722 vento
150 657 217 722 suis
247 656 385 720 navibus
411 657 578 740 pervenire
605 656 750 723 breviore
779 678 876 742 quam
908 680 983 742 qua·

43 751 104 810 tuor
124 749 156 810 et
169 745 287 830 viginti
300 745 453 810 horarum
476 745 582 829 spatio
597 745 716 830 solent,
740 766 777 810 eo
795 749 866 810 tum
887 747 984 812 unica

42 855 128 918 eaque
148 855 218 900 non
239 835 340 919 longa
356 833 569 919 remigatione
597 833 797 918 deferuntur3
828 834 874 898 ibi
896 835 983 900 inco·

43 924 137 1008 gnitos
163 923 238 988 illos
270 925 414 988 vectores
445 925 625 1007 exponunt,
663 918 802 1007 cumque
821 923 984 988 neminem

43 1012 159 1076 omnino
181 1011 327 1095 videant,
355 1010 501 1076 sentiunt
526 1014 637 1076 tamen
663 1011 830 1096 ingentem
853 1033 985 1077 concur·

42 1122 99 1164 sum
122 1101 193 1166 fieri
220 1100 262 1165 ad
292 1099 385 1164 littus
415 1097 585 1165 hominum
613 1101 908 1185 congratulantium
935 1101 984 1185 iis,

43 1190 85 1272 qui
105 1192 249 1254 recentes
272 1191 439 1272 venerunt,
462 1209 581 1274 eosque
603 1190 744 1254 maxima
766 1210 839 1254 cum
860 1189 985 1254 laetitia

42 1278 266 1362 excipientium.
301 1275 449 1344 Audiunt
469 1277 568 1342 etiam
590 1298 645 1342 eos
667 1278 752 1342 inter
773 1299 807 1342 se
820 1278 984 1344 humanis·
1042 1282 1045 1287 '

42 1366 106 1430 sime
128 1367 382 1452 consalutantes,
403 1387 477 1432 cum
490 1366 573 1431 alius
587 1366 686 1431 alium
699 1366 831 1450 proprio
845 1367 985 1450 nomine,

41 1455 108 1520 alius
129 1478 150 1520 a
172 1456 272 1540 tribu,
294 1455 376 1520 alius
400 1455 442 1521 ab
466 1454 615 1534 artificio,
644 1456 725 1520 alius
754 1455 851 1519 etiam
879 1455 985 1540 gentis

42 1565 69 1606 ac
92 1544 296 1630 cognationis
322 1544 454 1610 nomine
482 1545 632 1628 appellet
672 1543 754 1608 'lum
776 1543 890 1609 iisdem
921 1543 985 1610 illis

40 1633 161 1698 naribus
186 1633 384 1717 conscensis,
412 1653 477 1718 qua
503 1633 666 1698 celeritate
688 1635 853 1716 venerant,
875 1632 986 1696 cadem

40 1723 224 1787 revehuntur
237 1720 377 1787 domum.
413 1719 500 1797 Quin
522 1722 621 1786 etiam
643 1721 819 1805 aquodam
832 1721 986 1786 historiae

41 1811 183 1895 scriptore
207 1809 371 1894 proditum
395 1813 453 1895 cat,
476 1807 510 1876 Ο.
533 1809 652 1874 Iulium
675 1807 846 1876 Caesarem
869 1831 907 1874 eo
930 1811 986 1873 ali·

42 1900 155 1981 quando
185 1919 253 1964 una
281 1898 405 1962 triremi
432 1920 505 1964 cum
533 1903 662 1963 centum
689 1898 875 1964 hominibus
903 1897 986 1961 dela·

40 1990 108 2052 tum:
145 2008 286 2071 cumque
321 1986 502 2052 incredibili
535 1987 598 2052 loci
634 1987 829 2052 amoenitate
866 1989 988 2071 captus,

41 2077 117 2141 sedes
139 2077 190 2142 ibi
213 2097 327 2160 capere
345 2075 451 2160 vellet,
473 2075 515 2140 ab
537 2075 601 2141 illis
624 2069 772 2140 ἀειᾶέσιν
798 2074 913 2140 incolis
939 2075 986 2137 in-

41 2164 128 2231 ritum
151 2169 197 2230 et¹
210 2165 423 2232 reluctantem
446 2165 584 2230 eiectum
606 2185 685 2230 esse.

377 2356 522 2426 CAPUT
544 2356 648 2424 XXII.

122 2478 282 2536 VIRGILII
300 2478 440 2536 VERSUS
458 2480 509 2536 EX
525 2479 719 2536 AESGHYLO
738 2479 891 2535 ΙΜΙΤΑΤΙ.

92 2571 284 2657 Praecipere
320 2593 358 2636 ac
389 2592 594 2656 praesumere
627 2575 775 2656 oportere
811 2572 989 2655 sapientem

42 2662 149 2749 omnia,
174 2681 259 2746 quac
281 2660 407 2726 homini
430 2661 545 2726 acerba
567 2662 600 2724 et
622 2659 733 2746 mavia
751 2659 894 2724 accidere
916 2671 993 2743 pos:

41 2754 114 2836 sunt,
146 2749 275 2834 talique
305 2749 593 2834 praemeditatione
624 2748 745 2813 leviora
771 2747 828 2812 illa
855 2751 888 2812 at
918 2768 988 2830 per·

40 2858 123 2917 passu
145 2839 297 2904 faciliora
319 2837 419 2921 effici,
446 2838 646 2922 disputatum
670 2839 719 2901 est
745 2836 872 2920 copiose
895 2857 915 2899 a
938 2833 989 2900 ci-

41 2945 142 2993 cerone
155 2923 243 2992 libro
258 2929 373 3012 quarto
387 2925 642 2992 Tusculanarum
648 2922 685 3012 ¹),
708 2924 859 3010 allatique
879 2945 989 2990 versus

40 3012 196 3101 Euripidis
226 3037 244 3080 e
267 3015 392 3080 Theseo
420 3018 454 3080 et
475 3013 619 3079 Terentii
646 3036 663 3078 e
689 3013 898 3098 Phormione,
921 3015 989 3098 qui·

41 3101 89 3168 bus
110 3105 144 3170 id
168 3105 421 3170 confirmaretur.
465 3101 623 3189 Virgilius
646 3106 753 3168 autem
772 3101 903 3168 Aeneae
922 3125 990 3188 suo,

41 3215 124 3275 quem
137 3195 246 3260 omnis
260 3193 390 3258 virtutis
404 3192 566 3277 exemplar
589 3213 657 3258 esse
675 3191 786 3276 voluit,
807 3194 845 3256 nt
868 3195 990 3257 ceteras

42 3280 152 3369 laudes,
176 3283 225 3348 ita
246 3283 332 3347 hanc
356 3303 482 3368 quoque
504 3281 631 3366 tribuit,
654 3302 728 3346 cum
750 3302 824 3346 eum
845 3280 898 3346 his
920 3302 989 3346 ver-

41 3368 111 3458 bial)
136 3373 177 3438 dc
202 3393 236 3436 se
258 3373 403 3436 utentem
425 3370 515 3434 fecit:

103 3530 122 3598 ¹)
142 3529 202 3584 Sor.
222 3529 293 3584 libro
311 3529 391 3584 tertio
411 3527 491 3584 Tuae.
511 3556 545 3568 -
564 3543 587 3582 c.
608 3533 640 3582 13
655 3543 688 3582 se.

102 3599 121 3669 ²)
140 3599 192 3654 v1.
213 3605 264 3654 103
283 3616 317 3652 ss.

726 3687 778 3742 10*
