2330 3944
194 202 256 268 102
576 194 712 252 oalmo
731 195 765 250 x.

191 347 295 412 Valde
319 345 440 409 scilicet
462 343 495 407 id
518 341 589 406 Diis
613 339 790 414 curandum
812 339 884 404 fuit.
920 337 1018 424 Apud
1040 339 1144 426 Virgi-

191 432 303 518 lium¹)
327 434 445 498 amisso
468 431 642 496 immatura
663 432 766 494 morte
789 429 870 512 filio,
1157 400 1158 480 l

262 573 353 644 Atque
370 571 443 626 Deos
461 576 541 658 atque
559 573 635 624 ostro
653 571 731 622 oooot
750 567 874 622 crudelia
891 570 984 624 morer.
1158 622 1159 668 ,

259 699 343 766 Ecce
370 698 432 763 tibi
458 698 552 762 alter:
580 696 656 780 quia
683 698 848 779 serpentes
874 715 940 758 una
967 715 1041 759 cum
1070 695 1146 778 pelle

194 790 321 856 scnium
343 809 456 852 exuere
480 785 643 869 dicuntur,
665 783 752 849 Deos
772 783 915 848 crudeles
933 786 1042 868 vocat,
1068 783 1148 868 quod

194 901 263 946 non
283 878 371 942 idem
391 873 583 940 beneficium
604 873 755 939 formosis
777 872 959 939 tribuerint.
1159 844 1160 924 l

266 1015 393 1071 Crudeles
411 1013 495 1068 Diri!
513 1028 621 1081 serpere
638 1028 725 1068 cocos
743 1013 820 1067 croit
838 1027 938 1066 aoros:

300 1085 419 1140 Formae
436 1099 492 1139 roa
505 1084 591 1138 ollam
608 1083 671 1151 foto
688 1084 782 1139 dedere
798 1082 937 1152 mocoro').
1160 1066 1161 1150 l

195 1211 241 1276 At
262 1212 319 1276 illa
342 1210 470 1294 quidem
492 1210 576 1275 levia
595 1213 628 1275 et
645 1231 664 1274 a
682 1211 786 1294 po'e'tis
805 1209 942 1274 fortasse
965 1230 1026 1294 per
1047 1209 1152 1275 iocum

196 1301 295 1386 dicta,
322 1300 383 1366 etsi
409 1301 491 1366 tales
517 1299 581 1364 ioci
603 1299 692 1364 nullo
720 1299 818 1380 modo
843 1297 967 1364 ferendi
994 1297 1151 1364 videntur.

197 1388 287 1456 Serio
324 1389 454 1473 quidem
489 1388 579 1473 loqui
615 1387 742 1453 videtur
778 1387 864 1472 apud
899 1387 1153 1472 Aristophanem

197 1475 433 1564 Chremylus³)‚
471 1477 525 1562 qui
557 1499 605 1562 se,
641 1498 714 1542 cum
750 1477 823 1564 pius
856 1497 893 1542 ac
924 1477 1031 1544 iustus
1065 1483 1154 1562 esset,

197 1571 230 1632 et
261 1568 345 1630 male
376 1569 487 1630 tamen
518 1587 587 1630 rem
619 1569 745 1651 gereret
776 1566 930 1652 gravique
962 1572 1163 1652 paupertate*

197 1657 396 1738 premeretur
427 1676 464 1718 ao
491 1654 615 1718 videret
636 1655 761 1720 interea
783 1655 864 1720 alios
889 1656 1081 1742 sacrilegos,
1110 1680 1155 1722 ca-

197 1743 421 1824 lumniatores,
444 1742 609 1826 improbos
634 1743 754 1809 divitiis
774 1743 952 1829 abundare,
972 1745 1155 1830 profectum

198 1853 267 1896 esse
282 1831 364 1904 ,dicit
382 1830 423 1894 ad
441 1829 641 1915 Apollinem,
659 1835 697 1895 ut
715 1854 753 1897 ex
772 1855 810 1899 oo
825 1834 1055 1920 sciscitaretur,
1077 1857 1157 1920 quae

198 1921 266 1986 eius
288 1921 335 1985 rei
358 1923 588 2005 commeasset,
610 1921 776 2006 multoque
795 1923 899 2008 magis
921 1923 975 1988 ille
993 1923 1031 1988 in
1049 1929 1157 1990 vetere

197 2006 412 2096 tragoedia⁴):

270 2149 368 2217 Τολμῶ
387 2154 545 2217 κατειπεῖν,
565 2144 663 2218 μήποτ’
684 2144 737 2203 οὐκ
756 2145 826 2203 εἰσὶν
844 2150 918 2204 θεοί·

268 2218 360 2273 Kcrol
378 2214 432 2287 γὰρ
451 2213 634 2288 εὐτυχοῦντες
653 2214 839 2289 ε’κττλήττουσί
855 2240 897 2290 με.

196 2342 243 2410 Et
265 2344 378 2410 eodem
401 2348 592 2429 argumento
617 2347 733 2432 delusi,
756 2351 793 2412 ut
815 2349 862 2412 ait
883 2346 1093 2436 Iuvenalis5),

269 2482 356 2550 Soet,
374 2485 423 2552 qui
440 2485 472 2539 e're
489 2485 618 2551 fortunae
635 2487 693 2541 iore
711 2487 819 2542 cosroes
836 2487 931 2542 omnio
943 2492 1069 2556 ponaer,

268 2553 310 2608 Et
327 2556 461 2610 muudum
478 2557 556 2612 rullo
574 2558 687 2626 crederet
704 2562 804 2614 rectore
821 2559 934 2625 moveri,

268 2625 384 2682 Natoro
401 2628 521 2682 coloeote
538 2629 608 2682 oices
626 2633 651 2682 et
668 2628 738 2683 locis
755 2633 781 2684 et
799 2630 876 2685 cnei.

198 2750 393 2818 Gravissime
417 2757 526 2819 autem
550 2754 785 2820 dubitationem
809 2777 847 2821 ea
870 2755 909 2820 de
932 2777 967 2821 re
990 2777 1086 2822 suam
1112 2780 1157 2822 ex

196 2842 315 2926 pressit
339 2842 479 2927 optimus
503 2843 573 2908 aevi
598 2843 647 2908 sui
669 2848 779 2928 po'e'ta,
802 2841 1046 2932 Claudianus&

269 2982 356 3052 Saepe
374 2983 442 3038 milri
460 2983 574 3038 debiam
592 2983 681 3038 ororii
698 2984 832 3037 sententio
850 2988 976 3051 motem,

270 3050 407 3110 Ooror'eot
425 3053 527 3123 Superi
545 3059 648 3120 terras,
667 3071 705 3108 cre
723 3054 818 3108 collos
835 3054 933 3110 inesset

268 3124 381 3191 Rector,
400 3130 426 3179 et
443 3127 546 3181 incerto
565 3127 679 3194 fluerent
696 3125 827 3179 mortalia
845 3141 918 3180 coeo.

268 3194 346 3249 Nom
363 3211 424 3250 crem
442 3197 570 3265 dispositi
587 3197 747 3266 quaesissem
764 3196 874 3264 foedera
891 3195 1000 3264 moedi,

271 3263 515 3336 Praescrr'ptosqoe
532 3269 606 3323 mart
623 3268 691 3334 (ires
710 3267 829 3337 oratque
846 3272 964 3335 meaios,

244 3407 282 3473 r)
301 3403 397 3476 aarog.
411 3407 445 3462 v.
460 3414 503 3463 aa
594 3412 621 3478 2)
641 3409 744 3464 risun.
770 3410 790 3463 r.
810 3415 834 3464 4.
854 3414 888 3464 es
908 3427 947 3478 sq.
1040 3411 1067 3479 a)
1088 3409 1165 3464 mu

200 3483 234 3532 28
254 3493 315 3544 sqq.
423 3480 450 3545 4)
470 3478 565 3560 Eurip.
589 3478 689 3550 fragm.
716 3479 810 3548 adesp.
835 3485 887 3536 388
911 3479 938 3535 N
1055 3483 1084 3548 5)
1106 3480 1165 3536 Sa

199 3547 274 3601 XIII.
295 3551 328 3601 86
344 3562 404 3614 sqq.
478 3551 506 3615 6)
526 3566 555 3600 ur
574 3548 665 3603 Rufin.
685 3551 706 3602 I.
728 3556 750 3603 1.
770 3567 831 3618 sqq.
