<?xml version="1.0" encoding="UTF-8"?>
<!DOCTYPE html PUBLIC "-//W3C//DTD XHTML 1.0 Transitional//EN"
    "http://www.w3.org/TR/xhtml1/DTD/xhtml1-transitional.dtd">
<html xmlns="http://www.w3.org/1999/xhtml" xml:lang="en" lang="en">
 <head>
  <title>
</title>
<meta http-equiv="Content-Type" content="text/html;charset=utf-8" />
  <meta name='ocr-system' content='tesseract 3.04.00' />
  <meta name='ocr-capabilities' content='ocr_page ocr_carea ocr_par ocr_line ocrx_word'/>
</head>
<body>
  <div class='ocr_page' id='page_1' title='image "./mantoniimuretis00freygoog_0330.png"; bbox 0 0 2328 3956; ppageno 0'>
   <div class='ocr_carea' id='block_1_1' title="bbox 329 225 964 296">
    <p class='ocr_par' dir='ltr' id='par_1_1' title="bbox 329 225 964 296">
     <span class='ocr_line' id='line_1_1' title="bbox 329 225 964 296; baseline 0.027 -16"><span class='ocrx_word' id='word_1_1' title='bbox 329 225 507 282; x_wconf 82' lang='lat' dir='ltr'>EPISTOLA</span> <span class='ocrx_word' id='word_1_2' title='bbox 525 227 649 286; x_wconf 83' lang='lat' dir='ltr'>LXVIII.</span> <span class='ocrx_word' id='word_1_3' title='bbox 924 231 964 296; x_wconf 88' lang='grc'><strong>91</strong></span> 
     </span>
    </p>
   </div>
   <div class='ocr_carea' id='block_1_2' title="bbox 31 371 968 724">
    <p class='ocr_par' dir='ltr' id='par_1_2' title="bbox 31 371 968 724">
     <span class='ocr_line' id='line_1_2' title="bbox 31 371 967 456; baseline 0.013 -26"><span class='ocrx_word' id='word_1_4' title='bbox 31 391 57 431; x_wconf 85' lang='lat' dir='ltr'><strong>re</strong></span> <span class='ocrx_word' id='word_1_5' title='bbox 75 389 171 433; x_wconf 86' lang='lat' dir='ltr'><strong>meam</strong></span> <span class='ocrx_word' id='word_1_6' title='bbox 185 371 324 454; x_wconf 83' lang='lat' dir='ltr'><strong>amplius</strong></span> <span class='ocrx_word' id='word_1_7' title='bbox 339 372 589 456; x_wconf 81' lang='lat' dir='ltr'><strong>interponerem,</strong></span> <span class='ocrx_word' id='word_1_8' title='bbox 609 376 753 440; x_wconf 80' lang='lat' dir='ltr'><strong>monuit·</strong></span> <span class='ocrx_word' id='word_1_9' title='bbox 777 376 839 442; x_wconf 87' lang='lat' dir='ltr'><strong>sibi</strong></span> <span class='ocrx_word' id='word_1_10' title='bbox 857 379 967 442; x_wconf 73' lang='lat' dir='ltr'><strong>tamen</strong></span> 
     </span>
     <span class='ocr_line' id='line_1_3' title="bbox 32 457 966 546; baseline 0.013 -27"><span class='ocrx_word' id='word_1_11' title='bbox 32 457 212 542; x_wconf 71' lang='lat' dir='ltr'><strong>caesore,</strong></span> <span class='ocrx_word' id='word_1_12' title='bbox 233 463 271 523; x_wconf 88' lang='grc' dir='ltr'><strong>ιιι</strong></span> <span class='ocrx_word' id='word_1_13' title='bbox 294 457 458 526; x_wconf 84' lang='lat' dir='ltr'><strong>Victorius</strong></span> <span class='ocrx_word' id='word_1_14' title='bbox 482 462 622 546; x_wconf 80' lang='lat' dir='ltr'>aliquem</span> <span class='ocrx_word' id='word_1_15' title='bbox 645 485 684 528; x_wconf 85' lang='lat' dir='ltr'><strong>ex</strong></span> <span class='ocrx_word' id='word_1_16' title='bbox 706 485 778 529; x_wconf 89' lang='lat' dir='ltr'><strong>mea</strong></span> <span class='ocrx_word' id='word_1_17' title='bbox 806 486 966 531; x_wconf 91' lang='lat' dir='ltr'><strong>commen·</strong></span> 
     </span>
     <span class='ocr_line' id='line_1_4' title="bbox 32 545 968 638; baseline 0.014 -31"><span class='ocrx_word' id='word_1_18' title='bbox 32 545 139 612; x_wconf 79' lang='lat' dir='ltr'><strong>datione</strong></span> <span class='ocrx_word' id='word_1_19' title='bbox 170 550 302 632; x_wconf 72' lang='lat' dir='ltr'><strong>caperet</strong></span> <span class='ocrx_word' id='word_1_20' title='bbox 327 548 477 616; x_wconf 78' lang='lat' dir='ltr'><strong>fructum.</strong></span> <span class='ocrx_word' id='word_1_21' title='bbox 531 549 617 615; x_wconf 90' lang='lat' dir='ltr'><strong>Ama</strong></span> <span class='ocrx_word' id='word_1_22' title='bbox 646 573 710 636; x_wconf 89' lang='lat' dir='ltr'><strong>me,</strong></span> <span class='ocrx_word' id='word_1_23' title='bbox 744 557 782 618; x_wconf 88' lang='grc' dir='ltr'><strong>ιιι</strong></span> <span class='ocrx_word' id='word_1_24' title='bbox 811 554 905 638; x_wconf 88' lang='lat' dir='ltr'><strong>facis,</strong></span> <span class='ocrx_word' id='word_1_25' title='bbox 935 559 968 620; x_wconf 77' lang='lat' dir='ltr'><strong>et</strong></span> 
     </span>
     <span class='ocr_line' id='line_1_5' title="bbox 31 603 806 724; baseline 0.013 -26"><span class='ocrx_word' id='word_1_26' title='bbox 31 635 93 700; x_wconf 77' lang='lat' dir='ltr'><strong>vale.</strong></span> <span class='ocrx_word' id='word_1_27' title='bbox 112 633 243 702; x_wconf 84' lang='lat' dir='ltr'><strong>Romae.</strong></span> <span class='ocrx_word' id='word_1_28' title='bbox 266 655 336 702; x_wconf 82' lang='lat' dir='ltr'><strong>xvl.</strong></span> <span class='ocrx_word' id='word_1_29' title='bbox 357 636 429 704; x_wconf 89' lang='lat' dir='ltr'><strong>Kal.</strong></span> <span class='ocrx_word' id='word_1_30' title='bbox 453 637 616 724; x_wconf 79' lang='lat' dir='ltr'><strong>Septemb.</strong></span> <span class='ocrx_word' id='word_1_31' title='bbox 638 603 806 708; x_wconf 72' lang='lat' dir='ltr'><strong>mndxxxr.</strong></span> 
     </span>
    </p>
   </div>
   <div class='ocr_carea' id='block_1_3' title="bbox 408 783 568 794">
    <p class='ocr_par' dir='ltr' id='par_1_3' title="bbox 408 783 568 794">
     <span class='ocr_line' id='line_1_6' title="bbox 408 783 568 794; baseline 0.013 -2"><span class='ocrx_word' id='word_1_32' title='bbox 408 783 568 794; x_wconf 48' lang='lat' dir='ltr'><strong>*un—..-</strong></span> 
     </span>
    </p>
   </div>
   <div class='ocr_carea' id='block_1_4' title="bbox 420 869 571 936">
    <p class='ocr_par' dir='ltr' id='par_1_4' title="bbox 420 869 571 936">
     <span class='ocr_line' id='line_1_7' title="bbox 420 869 571 936; baseline 0.007 -2"><span class='ocrx_word' id='word_1_33' title='bbox 420 869 571 936; x_wconf 88' lang='lat' dir='ltr'>LXVIII.</span> 
     </span>
    </p>
   </div>
   <div class='ocr_carea' id='block_1_5' title="bbox 205 992 779 1073">
    <p class='ocr_par' dir='ltr' id='par_1_5' title="bbox 205 992 779 1073">
     <span class='ocr_line' id='line_1_8' title="bbox 205 992 779 1073; baseline 0.012 -8"><span class='ocrx_word' id='word_1_34' title='bbox 205 992 256 1067; x_wconf 90' lang='lat' dir='ltr'><strong>M.</strong></span> <span class='ocrx_word' id='word_1_35' title='bbox 283 993 526 1070; x_wconf 80' lang='lat' dir='ltr'>ANTONIUS</span> <span class='ocrx_word' id='word_1_36' title='bbox 553 996 779 1073; x_wconf 81' lang='lat' dir='ltr'>MURETUS</span> 
     </span>
    </p>
   </div>
   <div class='ocr_carea' id='block_1_6' title="bbox 317 1129 666 1282">
    <p class='ocr_par' dir='ltr' id='par_1_6' title="bbox 317 1129 666 1282">
     <span class='ocr_line' id='line_1_9' title="bbox 317 1129 666 1189; baseline 0.011 -4"><span class='ocrx_word' id='word_1_37' title='bbox 317 1129 578 1189; x_wconf 80' lang='lat' dir='ltr'>CONSTANTINO</span> <span class='ocrx_word' id='word_1_38' title='bbox 598 1133 666 1189; x_wconf 81' lang='lat' dir='ltr'><strong>SUO</strong></span> 
     </span>
     <span class='ocr_line' id='line_1_10' title="bbox 460 1240 523 1282; baseline -0.016 0"><span class='ocrx_word' id='word_1_39' title='bbox 460 1240 482 1282; x_wconf 81' lang='lat' dir='ltr'><strong>S.</strong></span> <span class='ocrx_word' id='word_1_40' title='bbox 495 1241 523 1282; x_wconf 88' lang='lat' dir='ltr'><strong>D.</strong></span> 
     </span>
    </p>
   </div>
   <div class='ocr_carea' id='block_1_7' title="bbox 33 1343 972 3119">
    <p class='ocr_par' dir='ltr' id='par_1_7' title="bbox 33 1343 972 3119">
     <span class='ocr_line' id='line_1_11' title="bbox 83 1343 969 1432; baseline 0.006 -23"><span class='ocrx_word' id='word_1_41' title='bbox 83 1343 219 1411; x_wconf 72' lang='lat' dir='ltr'><strong>Litteras</strong></span> <span class='ocrx_word' id='word_1_42' title='bbox 243 1369 263 1410; x_wconf 90' lang='lat' dir='ltr'><strong>a</strong></span> <span class='ocrx_word' id='word_1_43' title='bbox 284 1350 318 1411; x_wconf 75' lang='lat' dir='ltr'><strong>ie</strong></span> <span class='ocrx_word' id='word_1_44' title='bbox 340 1351 415 1432; x_wconf 79' lang='lat' dir='ltr'><strong>posi</strong></span> <span class='ocrx_word' id='word_1_45' title='bbox 438 1348 613 1414; x_wconf 81' lang='lat' dir='ltr'><strong>discessum</strong></span> <span class='ocrx_word' id='word_1_46' title='bbox 640 1351 717 1414; x_wconf 91' lang='lat' dir='ltr'><strong>hinc</strong></span> <span class='ocrx_word' id='word_1_47' title='bbox 743 1354 837 1416; x_wconf 76' lang='lat' dir='ltr'><strong>tuum</strong></span> <span class='ocrx_word' id='word_1_48' title='bbox 863 1352 969 1415; x_wconf 82' lang='lat' dir='ltr'><strong>nullas</strong></span> 
     </span>
     <span class='ocr_line' id='line_1_12' title="bbox 33 1435 970 1522; baseline 0.01 -27"><span class='ocrx_word' id='word_1_49' title='bbox 33 1435 120 1518; x_wconf 87' lang='lat' dir='ltr'><strong>accepi</strong></span> <span class='ocrx_word' id='word_1_50' title='bbox 140 1439 273 1519; x_wconf 78' lang='lat' dir='ltr'><strong>praeter</strong></span> <span class='ocrx_word' id='word_1_51' title='bbox 296 1456 363 1515; x_wconf 85' lang='lat' dir='ltr'><strong>eas,</strong></span> <span class='ocrx_word' id='word_1_52' title='bbox 387 1458 469 1522; x_wconf 86' lang='lat' dir='ltr'><strong>quae</strong></span> <span class='ocrx_word' id='word_1_53' title='bbox 491 1438 572 1504; x_wconf 93' lang='lat' dir='ltr'><strong>mihi</strong></span> <span class='ocrx_word' id='word_1_54' title='bbox 594 1459 740 1504; x_wconf 90' lang='lat' dir='ltr'><strong>mensem</strong></span> <span class='ocrx_word' id='word_1_55' title='bbox 761 1439 829 1504; x_wconf 85' lang='lat' dir='ltr'><strong>fere</strong></span> <span class='ocrx_word' id='word_1_56' title='bbox 852 1439 970 1504; x_wconf 81' lang='lat' dir='ltr'><strong>abhinc</strong></span> 
     </span>
     <span class='ocr_line' id='line_1_13' title="bbox 34 1524 969 1609; baseline 0.01 -26"><span class='ocrx_word' id='word_1_57' title='bbox 34 1544 112 1586; x_wconf 88' lang='lat' dir='ltr'><strong>unum</strong></span> <span class='ocrx_word' id='word_1_58' title='bbox 138 1524 285 1588; x_wconf 72' lang='lat' dir='ltr'>redditae</span> <span class='ocrx_word' id='word_1_59' title='bbox 318 1528 407 1609; x_wconf 82' lang='lat' dir='ltr'><strong>suni,</strong></span> <span class='ocrx_word' id='word_1_60' title='bbox 438 1548 504 1590; x_wconf 88' lang='lat' dir='ltr'><strong>nna</strong></span> <span class='ocrx_word' id='word_1_61' title='bbox 536 1548 609 1592; x_wconf 90' lang='lat' dir='ltr'><strong>cum</strong></span> <span class='ocrx_word' id='word_1_62' title='bbox 640 1528 772 1592; x_wconf 86' lang='lat' dir='ltr'><strong>vasculo</strong></span> <span class='ocrx_word' id='word_1_63' title='bbox 800 1528 922 1592; x_wconf 78' lang='lat' dir='ltr'><strong>conditi</strong></span> <span class='ocrx_word' id='word_1_64' title='bbox 952 1549 969 1592; x_wconf 91' lang='lat' dir='ltr'><strong>e</strong></span> 
     </span>
     <span class='ocr_line' id='line_1_14' title="bbox 33 1611 970 1697; baseline 0.01 -24"><span class='ocrx_word' id='word_1_65' title='bbox 33 1612 105 1676; x_wconf 86' lang='lat' dir='ltr'><strong>nelis</strong></span> <span class='ocrx_word' id='word_1_66' title='bbox 122 1611 276 1696; x_wconf 76' lang='lat' dir='ltr'><strong>Persicis,</strong></span> <span class='ocrx_word' id='word_1_67' title='bbox 300 1614 386 1697; x_wconf 93' lang='lat' dir='ltr'><strong>quod</strong></span> <span class='ocrx_word' id='word_1_68' title='bbox 408 1614 489 1680; x_wconf 90' lang='lat' dir='ltr'><strong>mihi</strong></span> <span class='ocrx_word' id='word_1_69' title='bbox 512 1637 589 1680; x_wconf 90' lang='lat' dir='ltr'><strong>sane</strong></span> <span class='ocrx_word' id='word_1_70' title='bbox 611 1615 878 1682; x_wconf 88' lang='lat' dir='ltr'><strong>iucundissimum</strong></span> <span class='ocrx_word' id='word_1_71' title='bbox 900 1617 970 1682; x_wconf 75' lang='lat' dir='ltr'><strong>fuit.</strong></span> 
     </span>
     <span class='ocr_line' id='line_1_15' title="bbox 33 1698 970 1790; baseline 0.01 -28"><span class='ocrx_word' id='word_1_72' title='bbox 33 1698 95 1763; x_wconf 87' lang='lat' dir='ltr'><strong>Tam</strong></span> <span class='ocrx_word' id='word_1_73' title='bbox 115 1703 222 1766; x_wconf 76' lang='lat' dir='ltr'><strong>mulia</strong></span> <span class='ocrx_word' id='word_1_74' title='bbox 243 1701 304 1766; x_wconf 79' lang='lat' dir='ltr'><strong>tibi</strong></span> <span class='ocrx_word' id='word_1_75' title='bbox 326 1703 462 1768; x_wconf 87' lang='lat' dir='ltr'><strong>adversa</strong></span> <span class='ocrx_word' id='word_1_76' title='bbox 483 1705 627 1770; x_wconf 88' lang='lat' dir='ltr'><strong>evenisse</strong></span> <span class='ocrx_word' id='word_1_77' title='bbox 655 1705 789 1770; x_wconf 74' lang='lat' dir='ltr'><strong>molesto</strong></span> <span class='ocrx_word' id='word_1_78' title='bbox 816 1705 970 1790; x_wconf 81' lang='lat' dir='ltr'><strong>fcr031n-</strong></span> 
     </span>
     <span class='ocr_line' id='line_1_16' title="bbox 34 1789 970 1896; baseline 0.009 -45"><span class='ocrx_word' id='word_1_79' title='bbox 34 1789 170 1854; x_wconf 88' lang='lat' dir='ltr'><strong>columem</strong></span> <span class='ocrx_word' id='word_1_80' title='bbox 200 1794 233 1855; x_wconf 77' lang='lat' dir='ltr'><strong>te</strong></span> <span class='ocrx_word' id='word_1_81' title='bbox 261 1791 386 1856; x_wconf 84' lang='lat' dir='ltr'><strong>exiliis</strong></span> <span class='ocrx_word' id='word_1_82' title='bbox 414 1793 554 1858; x_wconf 81' lang='lat' dir='ltr'><strong>evasisse</strong></span> <span class='ocrx_word' id='word_1_83' title='bbox 584 1795 810 1859; x_wconf 77' lang='lat' dir='ltr'><strong>immortaliter</strong></span> <span class='ocrx_word' id='word_1_84' title='bbox 837 1795 970 1896; x_wconf 79' lang='lat' dir='ltr'><strong>gaudeo.</strong></span> 
     </span>
     <span class='ocr_line' id='line_1_17' title="bbox 35 1875 970 1964; baseline 0.007 -23"><span class='ocrx_word' id='word_1_85' title='bbox 35 1875 185 1949; x_wconf 73' lang='lat' dir='ltr'><strong>Quodne</strong></span> <span class='ocrx_word' id='word_1_86' title='bbox 211 1901 314 1964; x_wconf 88' lang='lat' dir='ltr'><strong>amas,</strong></span> <span class='ocrx_word' id='word_1_87' title='bbox 341 1881 422 1947; x_wconf 76' lang='lat' dir='ltr'><strong>seiio</strong></span> <span class='ocrx_word' id='word_1_88' title='bbox 403 1885 481 1947; x_wconf 79' lang='lat' dir='ltr'><strong>ote</strong></span> <span class='ocrx_word' id='word_1_89' title='bbox 449 1881 541 1947; x_wconf 80' lang='lat' dir='ltr'><strong>tid</strong></span> <span class='ocrx_word' id='word_1_90' title='bbox 570 1886 683 1948; x_wconf 83' lang='lat' dir='ltr'><strong>mutuo</strong></span> <span class='ocrx_word' id='word_1_91' title='bbox 710 1883 824 1947; x_wconf 85' lang='lat' dir='ltr'><strong>facere.</strong></span> <span class='ocrx_word' id='word_1_92' title='bbox 870 1882 915 1947; x_wconf 73' lang='lat' dir='ltr'><strong>nt</strong></span> <span class='ocrx_word' id='word_1_93' title='bbox 900 1884 970 1948; x_wconf 75' lang='lat' dir='ltr'><strong>tsi</strong></span> 
     </span>
     <span class='ocr_line' id='line_1_18' title="bbox 35 1966 972 2055; baseline 0.007 -26.098"><span class='ocrx_word' id='word_1_94' title='bbox 35 1966 92 2048; x_wconf 90' lang='lat' dir='ltr'><strong>quid</strong></span> <span class='ocrx_word' id='word_1_95' title='bbox 114 1967 246 2054; x_wconf 64' lang='lat' dir='ltr'><strong>accidie,</strong></span> <span class='ocrx_word' id='word_1_96' title='bbox 218 1969 308 2032; x_wconf 80' lang='grc' dir='ltr'>ιιιι</span> <span class='ocrx_word' id='word_1_97' title='bbox 336 1991 399 2054; x_wconf 91' lang='lat' dir='ltr'><strong>quo</strong></span> <span class='ocrx_word' id='word_1_98' title='bbox 427 1970 582 2036; x_wconf 89' lang='lat' dir='ltr'><strong>declarari</strong></span> <span class='ocrx_word' id='word_1_99' title='bbox 612 1971 672 2036; x_wconf 78' lang='lat' dir='ltr'><strong>tibi</strong></span> <span class='ocrx_word' id='word_1_100' title='bbox 698 1968 791 2055; x_wconf 81' lang='lat' dir='ltr'><strong>velis,</strong></span> <span class='ocrx_word' id='word_1_101' title='bbox 815 1971 928 2055; x_wconf 75' lang='lat' dir='ltr'><strong>quanti</strong></span> <span class='ocrx_word' id='word_1_102' title='bbox 951 1993 972 2035; x_wconf 89' lang='lat' dir='ltr'><strong>a</strong></span> 
     </span>
     <span class='ocr_line' id='line_1_19' title="bbox 35 2057 971 2144; baseline 0.007 -26"><span class='ocrx_word' id='word_1_103' title='bbox 35 2076 71 2118; x_wconf 89' lang='lat' dir='ltr'><strong>ne</strong></span> <span class='ocrx_word' id='word_1_104' title='bbox 89 2057 157 2136; x_wconf 88' lang='lat' dir='ltr'><strong>fias,</strong></span> <span class='ocrx_word' id='word_1_105' title='bbox 181 2079 252 2122; x_wconf 92' lang='lat' dir='ltr'><strong>non</strong></span> <span class='ocrx_word' id='word_1_106' title='bbox 273 2057 384 2122; x_wconf 88' lang='lat' dir='ltr'><strong>fallam</strong></span> <span class='ocrx_word' id='word_1_107' title='bbox 398 2059 584 2144; x_wconf 83' lang='lat' dir='ltr'><strong>opinionem</strong></span> <span class='ocrx_word' id='word_1_108' title='bbox 606 2063 706 2125; x_wconf 79' lang='lat' dir='ltr'><strong>t.uam</strong></span> <span class='ocrx_word' id='word_1_109' title='bbox 737 2057 868 2143; x_wconf 88' lang='lat' dir='ltr'><strong>Vinum,</strong></span> <span class='ocrx_word' id='word_1_110' title='bbox 885 2059 971 2143; x_wconf 90' lang='lat' dir='ltr'><strong>quod</strong></span> 
     </span>
     <span class='ocr_line' id='line_1_20' title="bbox 35 2145 970 2250; baseline 0.007 -44"><span class='ocrx_word' id='word_1_111' title='bbox 35 2153 57 2206; x_wconf 84' lang='lat' dir='ltr'><strong>te</strong></span> <span class='ocrx_word' id='word_1_112' title='bbox 78 2145 251 2210; x_wconf 87' lang='lat' dir='ltr'><strong>missurum</strong></span> <span class='ocrx_word' id='word_1_113' title='bbox 278 2147 404 2231; x_wconf 89' lang='lat' dir='ltr'><strong>scribis,</strong></span> <span class='ocrx_word' id='word_1_114' title='bbox 432 2148 461 2212; x_wconf 92' lang='lat' dir='ltr'><strong>si</strong></span> <span class='ocrx_word' id='word_1_115' title='bbox 487 2148 561 2231; x_wconf 75' lang='lat' dir='ltr'><strong>erit,</strong></span> <span class='ocrx_word' id='word_1_116' title='bbox 593 2170 651 2234; x_wconf 92' lang='lat' dir='ltr'><strong>per</strong></span> <span class='ocrx_word' id='word_1_117' title='bbox 678 2170 774 2232; x_wconf 90' lang='lat' dir='ltr'><strong>quem</strong></span> <span class='ocrx_word' id='word_1_118' title='bbox 804 2148 970 2250; x_wconf 81' lang='lat' dir='ltr'><strong>commode</strong></span> 
     </span>
     <span class='ocr_line' id='line_1_21' title="bbox 35 2233 913 2322; baseline 0.008 -27"><span class='ocrx_word' id='word_1_119' title='bbox 35 2233 138 2319; x_wconf 71' lang='lat' dir='ltr'><strong>mittas,</strong></span> <span class='ocrx_word' id='word_1_120' title='bbox 168 2235 219 2299; x_wconf 75' lang='lat' dir='ltr'><strong>ita</strong></span> <span class='ocrx_word' id='word_1_121' title='bbox 250 2234 378 2300; x_wconf 90' lang='lat' dir='ltr'><strong>demum</strong></span> <span class='ocrx_word' id='word_1_122' title='bbox 406 2235 487 2302; x_wconf 89' lang='lat' dir='ltr'><strong>mihi</strong></span> <span class='ocrx_word' id='word_1_123' title='bbox 518 2240 647 2322; x_wconf 74' lang='lat' dir='ltr'><strong>graium</strong></span> <span class='ocrx_word' id='word_1_124' title='bbox 673 2237 818 2301; x_wconf 66' lang='lat' dir='ltr'><strong>fusurum</strong></span> <span class='ocrx_word' id='word_1_125' title='bbox 850 2240 913 2321; x_wconf 79' lang='lat' dir='ltr'><strong>est,</strong></span> 
     </span>
     <span class='ocr_line' id='line_1_22' title="bbox 35 2323 971 2410; baseline 0.007 -27"><span class='ocrx_word' id='word_1_126' title='bbox 35 2323 105 2387; x_wconf 83' lang='lat' dir='ltr'><strong>nullo</strong></span> <span class='ocrx_word' id='word_1_127' title='bbox 126 2327 185 2388; x_wconf 74' lang='lat' dir='ltr'><strong>Ino</strong></span> <span class='ocrx_word' id='word_1_128' title='bbox 211 2327 341 2408; x_wconf 77' lang='lat' dir='ltr'><strong>sumptu</strong></span> <span class='ocrx_word' id='word_1_129' title='bbox 363 2324 397 2388; x_wconf 92' lang='lat' dir='ltr'><strong>id</strong></span> <span class='ocrx_word' id='word_1_130' title='bbox 419 2325 484 2389; x_wconf 80' lang='lat' dir='ltr'><strong>fiat.</strong></span> <span class='ocrx_word' id='word_1_131' title='bbox 525 2323 666 2392; x_wconf 91' lang='lat' dir='ltr'><strong>Omnino</strong></span> <span class='ocrx_word' id='word_1_132' title='bbox 695 2326 781 2390; x_wconf 88' lang='lat' dir='ltr'><strong>enim</strong></span> <span class='ocrx_word' id='word_1_133' title='bbox 806 2329 971 2410; x_wconf 76' lang='lat' dir='ltr'><strong>sumptum</strong></span> 
     </span>
     <span class='ocr_line' id='line_1_23' title="bbox 36 2413 970 2499; baseline 0.009 -28"><span class='ocrx_word' id='word_1_134' title='bbox 36 2415 91 2474; x_wconf 75' lang='lat' dir='ltr'><strong>ate</strong></span> <span class='ocrx_word' id='word_1_135' title='bbox 111 2413 240 2478; x_wconf 90' lang='lat' dir='ltr'><strong>nullum</strong></span> <span class='ocrx_word' id='word_1_136' title='bbox 262 2434 335 2478; x_wconf 87' lang='lat' dir='ltr'><strong>mea</strong></span> <span class='ocrx_word' id='word_1_137' title='bbox 355 2434 470 2479; x_wconf 88' lang='lat' dir='ltr'><strong>caussa</strong></span> <span class='ocrx_word' id='word_1_138' title='bbox 491 2414 561 2478; x_wconf 91' lang='lat' dir='ltr'><strong>fieri</strong></span> <span class='ocrx_word' id='word_1_139' title='bbox 583 2415 666 2480; x_wconf 87' lang='lat' dir='ltr'><strong>volo.</strong></span> <span class='ocrx_word' id='word_1_140' title='bbox 705 2413 790 2481; x_wconf 80' lang='lat' dir='ltr'><strong>Satis</strong></span> <span class='ocrx_word' id='word_1_141' title='bbox 814 2437 970 2499; x_wconf 86' lang='lat' dir='ltr'><strong>superque</strong></span> 
     </span>
     <span class='ocr_line' id='line_1_24' title="bbox 36 2499 971 2588; baseline 0.009 -27"><span class='ocrx_word' id='word_1_142' title='bbox 36 2499 97 2563; x_wconf 88' lang='lat' dir='ltr'><strong>nihi</strong></span> <span class='ocrx_word' id='word_1_143' title='bbox 109 2501 255 2566; x_wconf 78' lang='lat' dir='ltr'><strong>futurum</strong></span> <span class='ocrx_word' id='word_1_144' title='bbox 269 2505 331 2586; x_wconf 74' lang='lat' dir='ltr'><strong>est,</strong></span> <span class='ocrx_word' id='word_1_145' title='bbox 353 2524 426 2567; x_wconf 92' lang='lat' dir='ltr'><strong>cum</strong></span> <span class='ocrx_word' id='word_1_146' title='bbox 440 2502 517 2588; x_wconf 92' lang='lat' dir='ltr'><strong>quid</strong></span> <span class='ocrx_word' id='word_1_147' title='bbox 534 2503 630 2568; x_wconf 83' lang='lat' dir='ltr'><strong>istinc</strong></span> <span class='ocrx_word' id='word_1_148' title='bbox 643 2503 724 2568; x_wconf 90' lang='lat' dir='ltr'><strong>mihi</strong></span> <span class='ocrx_word' id='word_1_149' title='bbox 738 2505 843 2568; x_wconf 89' lang='lat' dir='ltr'><strong>curari</strong></span> <span class='ocrx_word' id='word_1_150' title='bbox 856 2503 971 2588; x_wconf 87' lang='lat' dir='ltr'><strong>volam,</strong></span> 
     </span>
     <span class='ocr_line' id='line_1_25' title="bbox 37 2585 972 2677; baseline 0.005 -26"><span class='ocrx_word' id='word_1_151' title='bbox 37 2585 126 2670; x_wconf 76' lang='lat' dir='ltr'><strong>(sumi</strong></span> <span class='ocrx_word' id='word_1_152' title='bbox 148 2594 259 2655; x_wconf 78' lang='lat' dir='ltr'><strong>autem</strong></span> <span class='ocrx_word' id='word_1_153' title='bbox 272 2590 434 2656; x_wconf 74' lang='lat' dir='ltr'><strong>interdum</strong></span> <span class='ocrx_word' id='word_1_154' title='bbox 446 2593 605 2657; x_wconf 87' lang='lat' dir='ltr'><strong>nonnulla</strong></span> <span class='ocrx_word' id='word_1_155' title='bbox 623 2613 704 2677; x_wconf 88' lang='lat' dir='ltr'><strong>quae</strong></span> <span class='ocrx_word' id='word_1_156' title='bbox 716 2591 836 2677; x_wconf 58' lang='lat' dir='ltr'><strong>velim)</strong></span> <span class='ocrx_word' id='word_1_157' title='bbox 851 2615 972 2658; x_wconf 88' lang='lat' dir='ltr'><strong>semea</strong></span> 
     </span>
     <span class='ocr_line' id='line_1_26' title="bbox 37 2676 972 2855; baseline 0.005 -27"><span class='ocrx_word' id='word_1_158' title='bbox 37 2676 279 2834; x_wconf 53' lang='grc' dir='ltr'><strong>ιέῗιιῖιίιῖῗ</strong></span> <span class='ocrx_word' id='word_1_159' title='bbox 297 2679 585 2855; x_wconf 52' lang='grc' dir='ltr'>ἀιιὲιξιξιῖἰῗ</span> <span class='ocrx_word' id='word_1_160' title='bbox 599 2682 709 2834; x_wconf 58' lang='lat' dir='ltr'><strong>III}</strong></span> <span class='ocrx_word' id='word_1_161' title='bbox 721 2681 972 2853; x_wconf 51' lang='lat' dir='ltr'><strong>{Iuniis}</strong></span> 
     </span>
     <span class='ocr_line' id='line_1_27' title="bbox 38 2856 970 2943; baseline 0.006 -27"><span class='ocrx_word' id='word_1_162' title='bbox 38 2856 128 2920; x_wconf 75' lang='lat' dir='ltr'><strong>stetim</strong></span> <span class='ocrx_word' id='word_1_163' title='bbox 154 2856 387 2940; x_wconf 86' lang='lat' dir='ltr'><strong>adnumerabo,</strong></span> <span class='ocrx_word' id='word_1_164' title='bbox 419 2857 470 2922; x_wconf 92' lang='lat' dir='ltr'><strong>cui</strong></span> <span class='ocrx_word' id='word_1_165' title='bbox 497 2861 533 2922; x_wconf 87' lang='grc' dir='ltr'><strong>ιιι</strong></span> <span class='ocrx_word' id='word_1_166' title='bbox 560 2858 726 2942; x_wconf 82' lang='lat' dir='ltr'><strong>scripseris</strong></span> <span class='ocrx_word' id='word_1_167' title='bbox 755 2861 788 2922; x_wconf 75' lang='lat' dir='ltr'><strong>et</strong></span> <span class='ocrx_word' id='word_1_168' title='bbox 814 2861 970 2943; x_wconf 77' lang='lat' dir='ltr'><strong>quantum</strong></span> 
     </span>
     <span class='ocr_line' id='line_1_28' title="bbox 38 2944 972 3031; baseline 0.007 -27"><span class='ocrx_word' id='word_1_169' title='bbox 38 2944 192 3028; x_wconf 86' lang='lat' dir='ltr'><strong>scripseris.</strong></span> <span class='ocrx_word' id='word_1_170' title='bbox 232 2945 482 3030; x_wconf 81' lang='lat' dir='ltr'><strong>Respondissem</strong></span> <span class='ocrx_word' id='word_1_171' title='bbox 505 2947 599 3012; x_wconf 76' lang='lat' dir='ltr'><strong>citius</strong></span> <span class='ocrx_word' id='word_1_172' title='bbox 622 2947 663 3012; x_wconf 90' lang='lat' dir='ltr'><strong>ad</strong></span> <span class='ocrx_word' id='word_1_173' title='bbox 686 2948 811 3012; x_wconf 68' lang='lat' dir='ltr'><strong>listerus</strong></span> <span class='ocrx_word' id='word_1_174' title='bbox 833 2951 920 3031; x_wconf 80' lang='lat' dir='ltr'><strong>tuas,</strong></span> <span class='ocrx_word' id='word_1_175' title='bbox 943 2948 972 3011; x_wconf 89' lang='lat' dir='ltr'><strong>si</strong></span> 
     </span>
     <span class='ocr_line' id='line_1_29' title="bbox 39 3033 971 3119; baseline 0.01 -27"><span class='ocrx_word' id='word_1_176' title='bbox 39 3051 78 3094; x_wconf 84' lang='lat' dir='ltr'><strong>eae</strong></span> <span class='ocrx_word' id='word_1_177' title='bbox 91 3034 127 3098; x_wconf 88' lang='lat' dir='ltr'><strong>ad</strong></span> <span class='ocrx_word' id='word_1_178' title='bbox 140 3057 193 3099; x_wconf 89' lang='lat' dir='ltr'><strong>me</strong></span> <span class='ocrx_word' id='word_1_179' title='bbox 208 3033 360 3100; x_wconf 80' lang='lat' dir='ltr'><strong>Ceniurio</strong></span> <span class='ocrx_word' id='word_1_180' title='bbox 383 3036 501 3119; x_wconf 73' lang='lat' dir='ltr'><strong>ipset</strong></span> <span class='ocrx_word' id='word_1_181' title='bbox 467 3057 487 3100; x_wconf 87' lang='lat' dir='ltr'><strong>a</strong></span> <span class='ocrx_word' id='word_1_182' title='bbox 486 3035 637 3101; x_wconf 73' lang='lat' dir='ltr'><strong>ttu.lisse</strong></span> <span class='ocrx_word' id='word_1_183' title='bbox 670 3033 732 3100; x_wconf 85' lang='lat' dir='ltr'><strong>Sed</strong></span> <span class='ocrx_word' id='word_1_184' title='bbox 746 3056 849 3119; x_wconf 90' lang='lat' dir='ltr'><strong>nuper</strong></span> <span class='ocrx_word' id='word_1_185' title='bbox 862 3035 971 3101; x_wconf 90' lang='lat' dir='ltr'><strong>admo·</strong></span> 
     </span>
    </p>
   </div>
   <div class='ocr_carea' id='block_1_8' title="bbox 39 3117 974 3654">
    <p class='ocr_par' dir='ltr' id='par_1_8' title="bbox 39 3117 974 3654">
     <span class='ocr_line' id='line_1_30' title="bbox 39 3117 972 3210; baseline 0.009 -28"><span class='ocrx_word' id='word_1_186' title='bbox 39 3117 98 3185; x_wconf 89' lang='lat' dir='ltr'><strong>dum</strong></span> <span class='ocrx_word' id='word_1_187' title='bbox 119 3124 159 3188; x_wconf 87' lang='lat' dir='ltr'><strong>ad</strong></span> <span class='ocrx_word' id='word_1_188' title='bbox 182 3145 232 3188; x_wconf 90' lang='lat' dir='ltr'><strong>me</strong></span> <span class='ocrx_word' id='word_1_189' title='bbox 255 3124 353 3188; x_wconf 79' lang='lat' dir='ltr'><strong>venit.</strong></span> <span class='ocrx_word' id='word_1_190' title='bbox 396 3123 470 3209; x_wconf 80' lang='lat' dir='ltr'><strong>Ego</strong></span> <span class='ocrx_word' id='word_1_191' title='bbox 493 3127 611 3210; x_wconf 81' lang='lat' dir='ltr'><strong>autom,</strong></span> <span class='ocrx_word' id='word_1_192' title='bbox 633 3127 807 3209; x_wconf 74' lang='lat' dir='ltr'><strong>antequem</strong></span> <span class='ocrx_word' id='word_1_193' title='bbox 829 3145 903 3190; x_wconf 92' lang='lat' dir='ltr'><strong>eum</strong></span> <span class='ocrx_word' id='word_1_194' title='bbox 925 3126 972 3190; x_wconf 90' lang='lat' dir='ltr'><strong>vi</strong></span> 
     </span>
     <span class='ocr_line' id='line_1_31' title="bbox 39 3206 972 3299; baseline 0.01 -28"><span class='ocrx_word' id='word_1_195' title='bbox 39 3206 141 3297; x_wconf 83' lang='lat' dir='ltr'><strong>dorem,</strong></span> <span class='ocrx_word' id='word_1_196' title='bbox 163 3213 214 3277; x_wconf 89' lang='lat' dir='ltr'><strong>oui</strong></span> <span class='ocrx_word' id='word_1_197' title='bbox 235 3213 360 3278; x_wconf 74' lang='lat' dir='ltr'><strong>litteras</strong></span> <span class='ocrx_word' id='word_1_198' title='bbox 383 3213 423 3278; x_wconf 92' lang='lat' dir='ltr'><strong>ad</strong></span> <span class='ocrx_word' id='word_1_199' title='bbox 446 3216 479 3278; x_wconf 75' lang='lat' dir='ltr'><strong>te</strong></span> <span class='ocrx_word' id='word_1_200' title='bbox 501 3217 574 3278; x_wconf 88' lang='grc' dir='ltr'>ιιιιο</span> <span class='ocrx_word' id='word_1_201' title='bbox 597 3213 672 3278; x_wconf 88' lang='lat' dir='ltr'><strong>dare</strong></span> <span class='ocrx_word' id='word_1_202' title='bbox 691 3235 829 3299; x_wconf 88' lang='lat' dir='ltr'><strong>possem,</strong></span> <span class='ocrx_word' id='word_1_203' title='bbox 850 3214 972 3280; x_wconf 89' lang='lat' dir='ltr'><strong>nescie-</strong></span> 
     </span>
     <span class='ocr_line' id='line_1_32' title="bbox 40 3294 974 3370; baseline 0.011 -12"><span class='ocrx_word' id='word_1_204' title='bbox 40 3294 106 3363; x_wconf 89' lang='lat' dir='ltr'><strong>bam.</strong></span> <span class='ocrx_word' id='word_1_205' title='bbox 147 3301 246 3366; x_wconf 86' lang='lat' dir='ltr'><strong>Visus</strong></span> <span class='ocrx_word' id='word_1_206' title='bbox 273 3305 323 3366; x_wconf 76' lang='lat' dir='ltr'><strong>est</strong></span> <span class='ocrx_word' id='word_1_207' title='bbox 350 3301 429 3366; x_wconf 92' lang='lat' dir='ltr'><strong>mihi</strong></span> <span class='ocrx_word' id='word_1_208' title='bbox 456 3302 642 3368; x_wconf 83' lang='lat' dir='ltr'><strong>adolescens</strong></span> <span class='ocrx_word' id='word_1_209' title='bbox 669 3303 916 3370; x_wconf 73' lang='lat' dir='ltr'><strong>honestissimus</strong></span> <span class='ocrx_word' id='word_1_210' title='bbox 940 3308 974 3368; x_wconf 76' lang='lat' dir='ltr'><strong>et</strong></span> 
     </span>
     <span class='ocr_line' id='line_1_33' title="bbox 41 3383 972 3477; baseline 0.003 -24"><span class='ocrx_word' id='word_1_211' title='bbox 41 3383 138 3469; x_wconf 74' lang='lat' dir='ltr'><strong>dignus</strong></span> <span class='ocrx_word' id='word_1_212' title='bbox 163 3395 232 3454; x_wconf 74' lang='lat' dir='ltr'><strong>ium</strong></span> <span class='ocrx_word' id='word_1_213' title='bbox 259 3389 376 3456; x_wconf 78' lang='lat' dir='ltr'><strong>nobilit</strong></span> <span class='ocrx_word' id='word_1_214' title='bbox 361 3393 428 3456; x_wconf 77' lang='lat' dir='ltr'><strong>iaie</strong></span> <span class='ocrx_word' id='word_1_215' title='bbox 456 3391 562 3477; x_wconf 73' lang='lat' dir='ltr'><strong>gentis</strong></span> <span class='ocrx_word' id='word_1_216' title='bbox 590 3413 679 3474; x_wconf 88' lang='lat' dir='ltr'><strong>suae,</strong></span> <span class='ocrx_word' id='word_1_217' title='bbox 706 3396 777 3457; x_wconf 77' lang='lat' dir='ltr'><strong>tum</strong></span> <span class='ocrx_word' id='word_1_218' title='bbox 802 3396 861 3458; x_wconf 80' lang='lat' dir='ltr'><strong>tua</strong></span> <span class='ocrx_word' id='word_1_219' title='bbox 887 3414 972 3457; x_wconf 92' lang='lat' dir='ltr'><strong>com-</strong></span> 
     </span>
     <span class='ocr_line' id='line_1_34' title="bbox 41 3441 972 3564; baseline 0.008 -29"><span class='ocrx_word' id='word_1_220' title='bbox 41 3477 232 3544; x_wconf 77' lang='lat' dir='ltr'><strong>mendatione.</strong></span> <span class='ocrx_word' id='word_1_221' title='bbox 276 3477 389 3564; x_wconf 66' lang='lat' dir='ltr'><strong>Itaque</strong></span> <span class='ocrx_word' id='word_1_222' title='bbox 417 3479 518 3546; x_wconf 80' lang='lat' dir='ltr'><strong>detuli</strong></span> <span class='ocrx_word' id='word_1_223' title='bbox 544 3479 574 3544; x_wconf 90' lang='lat' dir='ltr'><strong>ei</strong></span> <span class='ocrx_word' id='word_1_224' title='bbox 600 3441 723 3562; x_wconf 83' lang='lat' dir='ltr'><strong>prolixe</strong></span> <span class='ocrx_word' id='word_1_225' title='bbox 750 3501 823 3546; x_wconf 88' lang='lat' dir='ltr'><strong>mea</strong></span> <span class='ocrx_word' id='word_1_226' title='bbox 849 3480 972 3563; x_wconf 79' lang='lat' dir='ltr'><strong>omnia3</strong></span> 
     </span>
     <span class='ocr_line' id='line_1_35' title="bbox 42 3565 972 3654; baseline -0.001 -23"><span class='ocrx_word' id='word_1_227' title='bbox 42 3565 214 3654; x_wconf 81' lang='lat' dir='ltr'><strong>ominoque</strong></span> <span class='ocrx_word' id='word_1_228' title='bbox 237 3571 316 3652; x_wconf 78' lang='lat' dir='ltr'><strong>puto</strong></span> <span class='ocrx_word' id='word_1_229' title='bbox 339 3568 420 3654; x_wconf 87' lang='lat' dir='ltr'><strong>fore,</strong></span> <span class='ocrx_word' id='word_1_230' title='bbox 442 3571 571 3634; x_wconf 74' lang='lat' dir='ltr'><strong>utente</strong></span> <span class='ocrx_word' id='word_1_231' title='bbox 590 3568 714 3652; x_wconf 79' lang='lat' dir='ltr'><strong>aliquoi</strong></span> <span class='ocrx_word' id='word_1_232' title='bbox 736 3589 861 3633; x_wconf 86' lang='lat' dir='ltr'><strong>menses</strong></span> <span class='ocrx_word' id='word_1_233' title='bbox 885 3570 972 3631; x_wconf 62' lang='lat' dir='ltr'><strong>exies</strong></span> 
     </span>
    </p>
   </div>
   <div class='ocr_carea' id='block_1_9' title="bbox 0 0 1178 3956">
    <p class='ocr_par' dir='ltr' id='par_1_9' title="bbox 0 0 1178 3956">
     <span class='ocr_line' id='line_1_36' title="bbox 0 0 1178 3956; baseline 0 0"><span class='ocrx_word' id='word_1_234' title='bbox 0 0 1178 3956; x_wconf 95' lang='lat' dir='ltr'><strong> </strong></span> 
     </span>
    </p>
   </div>
  </div>
 </body>
</html>
