2328 3956
367 225 582 284 PRAEFATIO.
890 227 953 292 117

31 395 132 458 graves,
155 377 224 438 tam
250 371 444 456 multiplices
470 391 578 457 ouras,
603 375 772 458 tantopere
801 373 842 438 ad
866 376 954 438 tran·

31 461 193 545 quillitatem
214 463 249 526 et
272 461 407 527 salutem
430 462 593 546 publicam
615 461 827 546 pertinentes,
850 462 954 546 quoti-

32 551 67 612 die
88 554 189 614 tamen
216 549 339 634 aliquid
364 551 519 635 temporis
545 550 661 614 harum
693 551 809 614 artium
836 553 954 615 tracta

30 639 91 702 tioui
109 639 244 704 tribuere
267 638 454 704 videamus?
489 637 652 704 Nimirum
680 641 714 702 ei
735 639 955 724 unusquisque

30 730 149 790 nostrum
165 731 301 792 naturae
325 749 409 811 suae,
431 731 469 792 ut
490 726 538 790 eit
558 730 657 811 poeta
671 727 809 812 quidam,
832 729 957 792 semina

31 815 159 899 aquius:
191 819 226 881 et
255 816 447 900 quibuscum
479 815 533 880 diu
566 835 603 880 ue
634 815 838 880 familiariter
868 816 956 900 vixit,

31 925 115 968 eorum
135 925 242 970 mores
264 908 298 968 et
318 905 469 970 instituta
491 903 620 969 vivendi
641 904 735 969 luoile
759 925 796 968 ao
818 905 957 970 libenter

30 991 154 1058 imitatur.
199 992 344 1058 Teucro
367 1015 439 1058 cum
463 993 568 1057 omnis
589 992 770 1060 honestatis
793 1015 830 1057 ac
853 993 956 1078 digni-

30 1081 86 1146 tatis
110 1081 379 1164 amantissimum,
406 1082 563 1166 omnium,
591 1103 673 1166 quae
702 1081 743 1146 ed
770 1103 956 1167 compunun-

30 1168 84 1234 tuu
110 1191 217 1236 reram
248 1193 286 1236 ao
317 1170 453 1236 solidam
485 1171 622 1255 gloriam
652 1170 829 1255 pertinent,
862 1193 957 1258 amie-

30 1258 221 1324 tentissimum
255 1261 372 1324 natura
408 1259 586 1344 genuisset:
633 1262 803 1324 consecuta
844 1259 958 1324 deinde

30 1344 164 1412 Francisci
186 1347 324 1430 Valesii,
355 1345 532 1412 Galliarum
554 1345 654 1432 Regis
685 1348 801 1432 optimi
832 1369 869 1413 ae
891 1369 957 1411 ma-

30 1434 98 1517 rini,
129 1436 247 1502 intima
276 1437 347 1519 illa,
377 1458 442 1520 qua
472 1439 524 1500 tot
556 1457 660 1500 anuos
691 1459 768 1500 usus
805 1458 853 1520 es,
885 1457 958 1500 oon-

31 1523 138 1590 suebido
159 1525 266 1610 magis
289 1526 386 1589 ctiam
408 1525 557 1590 incitavit
571 1524 612 1589 ad
635 1525 763 1590 easdem
785 1525 858 1588 illas
880 1525 959 1609 vias,

30 1610 140 1697 inques
161 1614 236 1698 ipsa
256 1617 290 1680 te
311 1617 428 1680 natura
441 1613 625 1697 deduxerat,
648 1613 823 1678 animosius
838 1616 872 1678 et
885 1635 959 1679 eou-

31 1701 142 1768 stcntius
164 1703 412 1787 persequendas.
447 1702 508 1767 Ille
529 1702 679 1768 homines
701 1703 842 1766 eruditos
865 1703 959 1768 adse

30 1807 56 1851 ex
81 1791 225 1856 omnibus
257 1791 344 1856 orbis
374 1795 533 1856 terrarum
564 1790 725 1875 pertibus,
761 1791 960 1874 amplissima

31 1896 116 1944 eorum
127 1879 305 1946 industriae
319 1881 462 1964 praemia
476 1883 633 1964 statuens,
643 1879 849 1944 convocabat.
869 1879 960 1944 Idem

31 1963 88 2031 illud
112 1969 293 2052 exemplum
319 1969 504 2034 iamdudum
531 1968 628 2033 Italia
658 1971 691 2032 te
718 1967 859 2032 maxima
888 1989 961 2032 eum

31 2055 70 2116 tua
86 2055 175 2122 leude
198 2060 408 2122 renovantem
431 2057 584 2122 intuetur.
630 2054 683 2120 Ad
710 2057 852 2141 regalem
874 2055 960 2120 illius

30 2162 148 2210 inensam
170 2167 241 2210 non
263 2146 364 2210 ullum
387 2159 536 2211 acroama
559 2148 615 2210 aut
636 2145 790 2209 libentius
815 2147 871 2209 aut
894 2163 961 2208 see·

31 2229 91 2314 pius,
111 2255 209 2317 quam
221 2255 284 2299 vox
307 2234 441 2298 alicuius
461 2234 577 2298 eruditi
590 2233 741 2318 bominis,
765 2232 961 2298 audiebatur.

30 2315 131 2400 lpuloe
152 2343 280 2407 quoque
302 2325 378 2386 tuae
395 2322 539 2408 quotidie
560 2323 651 2388 nulle
672 2344 707 2388 re
729 2322 842 2407 magis,
866 2344 963 2406 quam

31 2409 205 2487 grauissimis
229 2415 262 2475 et
278 2411 514 2476 honestissimis
536 2411 682 2476 uirorum·
703 2410 849 2476 doctrina
871 2433 962 2495 prae-

31 2497 162 2565 stantium
195 2499 411 2583 sermonibus,
437 2499 641 2566 condiuntur.
689 2499 749 2564 Ille
784 2500 887 2585 igitur
922 2501 963 2566 ad

31 2587 128 2652 ceteras
154 2609 231 2654 suas
257 2587 369 2653 laudes
396 2607 468 2652 eam
495 2587 630 2672 addidit,
662 2610 726 2673 qua
756 2589 859 2672 nulla,
890 2611 963 2653 meo

32 2673 136 2751 quidem
149 2676 279 2762 iudicio,
300 2677 404 2742 maior
418 2680 476 2762 est,
498 2677 589 2742 nulla
600 2677 804 2764 praeclarior,
826 2680 864 2740 ut
878 2697 964 2742 com-

31 2763 99 2827 muni
112 2765 257 2830 omnium
269 2766 463 2850 populorum
484 2787 643 2832 eonsensu
657 2764 852 2829 Litterarum
866 2764 965 2830 Pater

31 2852 238 2919 nominaretur.
283 2853 374 2920 Idem
396 2855 476 2920 illud
499 2875 679 2940 cognomen
705 2853 766 2918 tibi
794 2853 880 2937 apud
906 2876 964 2937 po-

32 2937 113 3006 steros
133 2943 293 3008 tributum
319 2943 372 3027 iri,
399 2943 499 3008 cuivis
525 2943 678 3031 perfacile
705 2945 768 3025 est,
796 2942 851 3027 qui
873 2945 965 3006 tuam

32 3043 92 3108 erge
111 3029 261 3097 homines
292 3031 474 3098 liberalium
505 3032 622 3096 artium
654 3031 789 3096 scientia
821 3030 964 3095 excultos

32 3116 194 3185 munificam
215 3120 375 3206 planeque
398 3121 522 3206 regiam
544 3121 746 3186 voluntatem
769 3119 966 3204 cognoverit,

32 3209 170 3288 ugumu
358 3263 361 3266 .

81 3291 146 3362 Nos
168 3297 307 3384 interea,
334 3299 389 3382 qui
415 3319 472 3384 per
498 3301 533 3364 te
553 3298 617 3364 hoo
640 3299 706 3364 otio
729 3297 875 3382 fruimur,
899 3319 967 3364 om-

32 3396 90 3446 nen
114 3385 305 3452 iudustriam
332 3409 371 3452 eo
399 3387 545 3453 conferre
574 3391 716 3472 oportet,
741 3390 792 3471 ut,
815 3407 966 3471 quaeum-

33 3486 79 3566 ‘¹3¹⁹
103 3474 227 3542 ratione
253 3497 437 3561 possumus,
468 3476 615 3542 heroicas
648 3497 685 3540 ao
712 3497 813 3560 prope
840 3474 967 3538 divinos

35 3561 147 3630 nunus
160 3567 235 3630 tuas
253 3566 342 3630 omni
360 3585 478 3650 genere
491 3565 765 3631 monimentorum
779 3562 819 3626 ad
836 3562 967 3626 immor-
