2330 3944
115 239 117 246 >
200 219 263 281 100
583 213 718 269 aalma
737 213 770 266 ιι.

198 364 269 427 silio
304 383 342 426 ac
373 362 540 426 voluntate
571 362 745 443 regeretur.
790 357 914 422 Rursus
947 361 1055 422 autem
1080 379 1141 422 oum

198 473 323 535 eorum,
346 471 427 534 quae
445 449 532 512 infra
549 449 645 511 lunae
666 447 777 514 orbem
796 451 883 530 sunt,
902 447 1143 512 inconstantiam

199 561 236 604 ac
263 539 514 603 mutabilitatem
540 536 698 619 viderent,
726 535 808 599 nihil
836 535 871 598 in
894 536 939 600 eis
962 535 1067 600 inesse
1088 557 1141 598 cer·

197 632 281 712 tum,
303 627 387 691 nihil
409 629 613 710 perpetuum,
641 623 724 688 nihil
752 626 919 707 constans,
947 645 984 689 eo
1009 625 1142 708 prolabe-

197 718 319 781 bantur
353 715 542 799 impietatis,
578 716 617 777 ut
651 713 771 797 partim
807 734 846 776 ex
878 713 1027 777 omnibus
1060 713 1142 776 rebus

199 805 342 870 divinam
363 802 600 889 providentiam
622 802 788 884 tollerent,
811 801 930 884 partim
949 823 1066 885 supera
1088 801 1154 884 qui-2

199 895 272 958 dem
291 915 328 958 ac
347 892 498 958 coelestia
516 894 624 955 mente
643 911 680 954 ac
699 889 834 955 consilio
848 890 931 974 regi,
949 889 1030 954 haec
1050 893 1143 954 autem

198 983 352 1046 inferiora
375 981 444 1044 sine
466 981 533 1044 ullo
556 983 679 1043 rectore
701 978 833 1042 incertis
855 978 1007 1043 fortunae
1030 978 1143 1042 casibus

200 1071 317 1154 agitari
336 1069 565 1133 existimarent.
594 1066 655 1132 Sed
675 1069 747 1131 cum
766 1070 800 1130 et
817 1067 941 1131 dierum
956 1089 993 1132 ac
1011 1067 1143 1132 noctium

199 1157 453 1222 vicissitudinem
490 1161 523 1222 et
559 1156 825 1240 quadripertitam
861 1157 939 1220 anni
974 1159 1144 1241 temporum

198 1247 388 1311 varietatem
416 1249 449 1310 et
477 1248 564 1310 certa
590 1249 660 1309 tum
693 1245 817 1309 dierum
847 1248 917 1309 turn
949 1246 1092 1310 noctium
1120 1247 1156 1334 etp

198 1336 398 1400 incrementa
417 1339 449 1399 et
467 1335 667 1399 decessiones
686 1337 719 1397 et
741 1333 851 1398 omnia
872 1334 1023 1398 humanis
1046 1334 1156 1426 usibus}

200 1425 372 1489 servientia
395 1425 554 1506 viderent,
576 1422 755 1486 haerebant
778 1422 923 1506 attoniti,
950 1427 988 1486 ut
1010 1424 1067 1506 qui
1087 1429 1156 1507 per-³

199 1515 361 1596 spicerent
386 1516 515 1578 tantum
546 1514 579 1576 et
605 1515 673 1576 tam
706 1512 868 1595 sapienter
894 1511 1081 1576 institutum
1105 1532 1145 1575 or·

200 1602 308 1666 dinem
330 1602 394 1664 nisi
417 1624 437 1664 a
459 1601 528 1675 Deo
552 1621 621 1664 esse
644 1621 712 1664 non
734 1621 838 1684 posse.
871 1597 1146 1664 Conturbabantur

198 1693 310 1753 tamen
342 1710 415 1752 cum
450 1689 520 1752 aliis
549 1689 762 1772 argumentis,
787 1691 859 1752 tum
885 1688 948 1753 hoc
979 1689 1157 1772 praecipue*

200 1776 287 1878 quod
313 1777 348 1840 in
375 1777 470 1840 rebus
497 1776 648 1840 humanis
671 1778 774 1840 multa
796 1777 943 1842 viderent
970 1799 1060 1843 secus
1086 1799 1146 1841 eve·

199 1865 283 1966 nire,
306 1886 403 1966 quam
420 1865 487 2017 ipsi
511 1865 637 1929 divinae
661 1865 838 1949 sapientiae
862 1887 899 1930 ac
906 1866 1015 2018 tbonit
1001 1867 1061 1930 tati
1081 1888 1147 1931 con·

200 1955 310 2018 venire
353 1955 419 2018 exis
420 1955 606 2018 timerent.
559 1952 829 2018 tEtenimt
802 1957 849 2018 ιιι
889 1955 1086 2027 stat2uebant
1126 1955 1158 2056 sil

199 2043 416 2108 humanarum
451 2065 558 2108 rerum
582 2044 855 2144 procurationem
890 2043 1026 2108 haberet
1059 2044 1158 2126 Deua,

199 2133 283 2216 fore,
310 2136 347 2196 ut
333 2133 468 2196 tbonis
492 2153 529 2195 ac
556 2131 618 2215 piis
642 2135 675 2194 et
701 2131 843 2196 iustit11ae
871 2132 1048 2197 cultoribus
1073 2133 1148 2198 bene

201 2184 294 2302 esset,
308 2220 433 2302 malis,
424 2219 531 2302 impiis
546 2219 601 2282 et
591 2220 692 2284 miust
693 2221 720 2284 is
734 2221 826 2284 male.
850 2218 1018 2286 Nunct
961 2225 1018 2286 aut
1019 2243 1067 2286 em
1081 2243 1149 2286 con·

200 2311 252 2370 tra
287 2307 453 2390 videbant,
486 2307 625 2391 optimos
662 2330 805 2392 quosque
837 2310 1025 2394 plerumque
1056 2309 1151 2394 premi

200 2399 405 2479 paupertate,
430 2417 503 2460 cum
522 2397 616 2461 multi
638 2397 777 2481 improbi
800 2398 919 2463 divitiis
943 2399 1152 2479 abundarent;

200 2484 427 2568 ignominiam,
442 2486 601 2570 exsilium,
620 2487 804 2570 orbitatem,
822 2487 967 2571 morbos,
988 2491 1152 2569 tormenta,

201 2573 361 2637 cruciatus
384 2575 550 2658 proprium
573 2575 808 2657 quodammodo
831 2575 993 2640 bonorum
1018 2577 1154 2642 virorum

201 2661 432 2745 patrimonium
451 2684 533 2745 esse,
556 2683 629 2726 cum
647 2663 771 2726 interea
788 2664 883 2728 multi
902 2664 1051 2730 omnibus
1069 2666 1155 2750 flagi·

201 2751 255 2814 tiis
293 2751 437 2834 cooperti
474 2752 509 2814 in
546 2751 678 2815 summis
715 2751 837 2816 deliciis
874 2753 1022 2818 viverent
1058 2757 1090 2820 et
1121 2755 1158 2816 in

202 2839 351 2904 omnibus
369 2839 509 2925 negotiis
533 2840 599 2903 suis
623 2839 854 2905 secundissima
876 2841 1010 2907 fortuna
1032 2846 1156 2908 uteren-

201 2931 263 2992 tur.
299 2927 389 3013 Ergo
413 2929 468 2992 alii
491 2927 657 2992 fortunam
681 2929 879 2996 accusabant
901 2934 939 2994 ut
960 2931 1105 3015 iniquam
1125 2933 1158 2995 et

201 3017 367 3100 iniustam,
391 3039 473 3100 quae
497 3017 589 3100 quasi
612 3017 720 3081 dedita
744 3039 843 3101 opera
869 3019 1026 3103 improbis
1050 3024 1158 3100 mater,

201 3105 296 3168 bonis
319 3127 458 3170 noverca
481 3109 578 3187 esset3
605 3106 660 3169 alii
683 3109 721 3170 ut
743 3127 872 3171 caecam
895 3111 928 3171 et
949 3110 1158 3188 temerariam,

202 3213 284 3274 quae
306 3213 394 3256 nunc
417 3195 534 3276 bonos,
557 3215 644 3258 nunc
666 3195 770 3260 malos
784 3196 874 3259 nullo
899 3196 1084 3260 discrimine
1107 3199 1158 3259 aut

202 3279 383 3363 extolleret,
421 3285 477 3346 aut
513 3245 718 3367 deprimeret,
755 3283 903 3367 idemque
936 3284 1090 3349 dicebant
1124 3284 1158 3347 de

201 3366 278 3431 Plut
263 3369 311 3452 ot,
340 3389 437 3453 quem
464 3370 553 3434 divit
529 3373 647 3436 harum
674 3371 780 3436 Deum
808 3393 877 3436 esse
910 3371 1158 3458 fingebant,et,

201 3459 239 3520 ut
265 3456 339 3521 fit
330 3480 367 3521 ιιι
394 3459 567 3541 erroribus,
600 3461 705 3524 desult
691 3461 776 3525 toria
803 3461 944 3545 quadam
969 3463 1138 3528 levitate
1130 3441 1158 3525 ui

203 3546 382 3610 contrarias
420 3548 597 3611 sententias
633 3549 781 3614 ferebant
767 3553 828 3615 t.ur
874 3549 961 3618 Nam
997 3553 1056 3618 ubi
1091 3549 1158 3636 quid
