2330 3944
384 215 519 270 canno
538 215 612 272 vni.
933 213 975 280 89

39 359 83 422 das
104 379 172 422 cum
195 360 302 443 prima
325 361 395 424 luce
417 360 589 444 proficisci,
616 361 805 445 praesertim
833 382 906 425 cum
928 360 976 426 in·

39 451 89 512 stet
111 451 239 532 tempus
267 445 505 534 nuptiarum*):
532 449 646 514 iisdem
673 449 787 516 merito
815 450 935 514 multos
958 471 976 513 e

40 536 113 600 vobis
140 537 256 622 aliquis
289 537 430 622 quotidie
464 536 690 623 obiurgaverit.
731 535 833 622 Surge
866 559 976 622 quarn-

38 625 171 709 primum,
194 626 305 708 miser‚
332 629 365 690 et
387 648 425 690 ex
448 626 556 690 animo
579 629 743 710 torporem
766 630 862 710 atque
885 627 976 710 igna-

40 714 108 776 viam
129 717 249 777 excute.
287 713 369 789 Quid
391 719 427 778 tu
449 714 536 778 istud
559 713 740 800 ingenium,
766 714 852 797 quod
873 714 934 777 tibi
957 735 978 777 a

40 802 183 866 communi
202 802 347 867 omnium
365 805 498 886 parente
516 801 587 868 Deo
606 804 708 868 multo
728 802 871 886 qualibet
888 806 977 866 veste

39 889 191 974 pretiosius
219 890 331 954 datum
358 893 419 974 ast,
447 891 511 955 situ
538 913 576 956 ac
604 891 751 956 sordibus
779 891 978 956 obsolescere

40 978 175 1062 quasique
201 979 351 1063 rubigine
379 979 496 1044 obduci
522 980 664 1064 pateris?
692 1001 748 1044 cur
775 1001 843 1044 non
869 979 978 1062 potius

40 1067 162 1130 diluculo
194 1066 236 1130 ad
267 1067 341 1132 illos
372 1068 583 1152 proficisceris
615 1069 765 1148 omnibus
802 1068 914 1133 obvios
946 1070 980 1131 et

40 1155 183 1238 expositos
212 1155 431 1220 doctrinarum
460 1157 580 1240 fontes,
613 1157 728 1242 quibus
759 1160 792 1221 te
824 1177 979 1240 mersans,

40 1243 199 1327 exquibus
223 1245 381 1309 arbitratu
403 1249 460 1310 tuo
483 1245 649 1331 hauriens,
671 1249 783 1330 pectus
806 1249 839 1309 et
861 1264 978 1330 purga·

40 1334 94 1395 turn
118 1333 272 1398 vitiorum
298 1334 431 1398 maculis
459 1337 492 1398 et
518 1336 620 1400 multa
651 1334 979 1418 praeclarissimorum

41 1441 129 1484 rerum
147 1421 333 1507 cognitione
351 1423 516 1487 madidum
533 1423 675 1488 referas?
699 1422 888 1506 praesertim
906 1441 980 1484 cum

42 1511 175 1591 puerulus
198 1511 337 1594 amplius
355 1533 423 1576 non
446 1512 503 1594 sis,
527 1512 582 1576 sed
600 1533 639 1576 ea
660 1511 726 1575 iam
743 1510 980 1594 appropinquet

42 1602 126 1683 uetes,
153 1621 218 1683 qua
239 1599 301 1664 tibi
327 1600 362 1664 in
384 1602 489 1665 lucem
516 1604 612 1684 atque
634 1600 670 1664 in
693 1602 900 1683 conspectum
921 1597 979 1661 ho-

43 1687 146 1752 minum
169 1687 392 1772 prodeundum
415 1693 472 1754 cst.
508 1687 594 1752 Hinc
617 1689 703 1752 enim
726 1687 854 1752 demum
876 1686 980 1750 multo

45 1777 128 1862 uagis
151 1799 249 1861 quarn
272 1777 356 1840 unde
378 1777 435 1841 illa
457 1776 548 1861 dicit,
570 1781 603 1840 et
624 1777 684 1842 tibi
707 1777 813 1862 parics
834 1775 980 1862 gloriam,

46 1869 70 1927 et
90 1869 256 1950 parentum
283 1869 394 1950 pectus
427 1865 545 1950 gaudio
576 1865 763 1950 laetitiaque
796 1863 980 1948 complebis.

48 1949 94 2016 Sed
108 1955 171 2018 iam
189 1954 333 2038 longior,
356 1975 451 2038 quam
470 1958 626 2039 parerat,
647 1953 704 2018 fui.
739 1951 901 2037 Cogitate,
925 1951 979 2014 ob·

49 2061 117 2106 sacro
146 2065 219 2126 vos,
250 2043 412 2128 languidis
446 2064 482 2107 sc
513 2042 655 2107 remissis
688 2041 797 2105 omnia
829 2039 982 2123 difficilia,

48 2131 120 2194 navis
148 2136 181 2196 et
213 2131 381 2196 industriis
414 2131 522 2196 omnia
553 2131 663 2215 pervia
695 2151 733 2194 ac
763 2127 872 2193 facilia
904 2149 981 2191 esse.

47 2215 116 2282 Deus
141 2219 284 2305 optimus
311 2220 482 2304 maximus,
514 2221 566 2284 eui
594 2237 802 2304 quaecunque
828 2217 882 2281 hio
910 2219 982 2280 acta

49 2305 173 2392 dictaque
202 2312 293 2394 sunt,
320 2313 414 2394 grata
441 2313 474 2373 et
500 2312 632 2392 accepts
658 2329 727 2372 esse
755 2306 863 2390 cupio,
878 2305 982 2370 ¹vobis

49 2397 175 2461 cunibus
203 2418 279 2460 eum
305 2398 448 2461 animum
474 2397 623 2482 inspiret,
649 2400 686 2461 ut
711 2395 805 2480 haec,
832 2394 873 2458 ad
901 2415 982 2478 quae

48 2481 174 2634 papatus
198 2507 285 2570 sum,
306 2489 375 2550 tarn
398 2486 488 2570 sequi
510 2485 616 2551 velitis
639 2505 735 2572 quam
754 2482 907 2568 consequi
925 2501 982 2566 po·

74 2593 85 2633 s
100 2595 130 2636 u.
152 2588 240 2636 n1x1.

90 2765 113 2832 *)
128 2763 207 2820 Hom.
227 2763 326 2835 Odyss.
344 2763 391 2821 Vl.
411 2770 453 2820 25.
472 2783 534 2836 sqq.

426 3032 586 3043 *—
