2360 3944
184 199 233 266 50
570 195 705 251 onium
725 197 759 250 v.

184 341 478 427 conquiescendum
499 344 662 425 putarem3
689 340 810 406 nedum
833 362 883 424 ea,
912 342 997 425 quia,
1023 345 1058 405 ιιι
1080 342 1126 405 isti

183 433 312 516 volunt,
335 453 354 494 ι
375 429 518 514 quolibet
538 451 606 494 non
623 429 807 494 tardissimo
826 450 930 512 neque
949 429 1126 494 inertissime

184 482 312 606 percipi
340 522 491 603 possunt,
527 517 705 582 omittenda
738 519 794 582 aut
830 516 964 582 minoris
994 517 1126 582 facienda

185 629 343 674 censeam.
375 606 488 672 Ande
508 606 603 670 rebus
625 605 784 670 advitam
804 605 887 670 nihil
907 606 1127 690 pertinentibus

184 697 270 762 inter
291 695 440 761 homines
459 694 691 759 eruditissimos
711 716 836 758 summa
854 695 1058 760 contentione
1075 695 1125 758 dis-

183 785 406 869 putabitur,
396 806 432 848 ιιι
460 784 581 866 eisque,
612 782 687 866 quia
716 783 880 848 involutae
908 787 941 847 et
969 805 1065 867 prope
1088 783 1127 846 in-

185 873 371 938 enodabiles
391 875 480 955 sunt,
504 893 602 955 opera
624 871 787 954 praeclare
807 872 958 936 collocari
971 871 1128 936 videbitn:

184 961 280 1046 haec,
304 983 385 1044 quae
406 960 507 1024 vitam
525 981 653 1024 omnem
674 959 855 1044 continent,
878 963 916 1023 ut
932 959 1028 1024 nimis
1047 959 1128 1024 obuia
1161 991 1162 1050 4

187 1053 220 1114 et
241 1051 277 1114 in
299 1048 404 1112 medio
427 1048 534 1131 posita
555 1047 784 1133 negligantur?
1161 1055 1162 1116 ἶ

253 1136 444 1220 Quanquam
472 1137 549 1220 quid
580 1137 701 1202 diutius
729 1137 777 1202 ita
807 1136 1022 1221 disputamus,
1050 1136 1127 1220 quasi

185 1225 231 1289 eis
250 1225 480 1308 concedamus,
496 1225 583 1308 quod
599 1225 727 1308 volunt,
745 1225 827 1290 nihil
847 1225 900 1289 hic
919 1225 1038 1308 doceri,
1056 1225 1128 1308 quod

186 1333 254 1378 non
285 1316 342 1378 aut
373 1313 472 1378 etiam
500 1314 598 1398 vulgo
630 1316 746 1378 notum
777 1313 820 1380 sit
851 1316 909 1377 aut
937 1314 1041 1398 quivis
1071 1314 1130 1376 sine

187 1399 328 1468 doctoris
358 1423 456 1485 opera
487 1402 582 1466 facile
612 1402 765 1485 consequi
794 1400 918 1485 possit?
970 1401 1058 1487 Ergo
1084 1402 1130 1464 ille

186 1491 346 1573 omnium,
374 1491 429 1573 qui
456 1494 535 1554 tune
562 1495 667 1574 erant,
696 1490 894 1574 mortalium,
923 1493 960 1554 ut
987 1490 1129 1556 creditum

187 1581 250 1661 est,
273 1579 400 1662 sapient
386 1578 529 1642 tissimus
544 1577 706 1661 Socrates,
729 1579 783 1662 qui
806 1578 897 1643 nulla
914 1600 1057 1663 unquam
1077 1578 1131 1642 aha

185 1665 225 1728 de
243 1687 291 1750 re,
310 1687 407 1749 quam
426 1666 465 1729 de
483 1667 655 1730 virtutibus
675 1629 707 1730 ιι
720 1667 807 1731 vitiis
826 1667 1018 1752 disputavit,
1032 1667 1129 1751 vulga

185 1752 275 1844 ribus
293 1757 326 1817 et
347 1756 397 1816 sat
398 1753 425 1816 is
448 1775 506 1836 per
529 1775 562 1817 se
580 1755 699 1818 notis'
690 1777 725 1820 ιιι
747 1756 843 1820 rebus
866 1756 1009 1839 spatium
1029 1755 1130 1820 aetatis

186 1863 282 1906 omne
310 1841 532 1925 consumpsit?
578 1841 662 1918 Quid
688 1841 761 1906 Plat
746 1843 805 1908 ot?
837 1844 914 1927 quid
936 1843 1131 1929 Xenophon?

186 1930 263 2015 quid
285 1928 500 1996 Aristoteles?
533 1931 610 2015 quid
637 1932 735 1996 ceteri
762 1952 838 1996 suae
862 1932 998 2016 quisque
1029 1931 1132 1998 aetatis

185 2020 347 2105 principes
366 2019 449 2086 uiri?
473 2019 550 2104 quid
569 2023 638 2084 erat
656 2041 801 2102 caussae,
825 2042 882 2084 cur
901 2024 970 2084 tam
988 2021 1110 2086 multa
1102 2041 1130 2082 m

184 2109 249 2174 hoc
271 2130 388 2194 genere
410 2109 529 2192 scripta
552 2109 735 2192 posteritati
756 2071 1038 2193 relinquerent,
1013 2133 1039 2176 ιι
1060 2108 1131 2172 nihil

187 2198 367 2281 egregium,
389 2197 472 2260 nihil
495 2196 701 2280 exquisitum,
727 2197 809 2262 nihil
832 2198 1004 2283 excellens,
1027 2197 1080 2262 sed
1100 2218 1131 2260 ea

185 2287 314 2348 tantum
320 2305 429 2367 ,quae
446 2283 581 2367 quilibet
604 2306 621 2348 e
643 2286 763 2370 populo
787 2286 865 2350 satis
888 2308 947 2370 per
969 2308 1004 2350 ιι
1026 2284 1131 2350 intelli-

186 2375 292 2456 geret,
314 2334 431 2435 litteris
454 2371 638 2436 mandaturi
630 2373 775 2438 erant?
803 2373 975 2458 Videlicet,
998 2375 1073 2459 quia
1092 2374 1132 2436 iu·
1162 2373 1163 2454 l

186 2459 460 2546 stitiam,fiden1,
488 2462 749 2547 temperantiam,
775 2425 1004 2528 liberalitatcin
1032 2483 1163 2528 omnes

185 2549 344 2612 assidue'
334 2570 370 2612 m
393 2570 448 2614 ore
470 2549 606 2632 habent,
628 2571 732 2651 neque
756 2551 925 2635 quisquam
948 2555 1011 2636 ιιι,
1039 2573 1080 2616 ne
1101 2572 1134 2614 ex

183 2637 250 2702 ima
269 2637 398 2721 quidem
419 2638 508 2702 faece
526 2601 629 2724 vulgi,
653 2639 732 2722 quin
752 2661 786 2703 se
805 2639 844 2704 de
867 2603 1025 2704 eiusmodi
1046 2639 1134 2704 rebus

185 2725 305 2808 optime
323 2725 465 2790 iudicare
484 2748 580 2810 posse
599 2727 753 2812 confidat,
774 2727 893 2793 idcirco
910 2729 1035 2793 nullam
1052 2748 1135 2812 mag·

184 2835 262 2878 nam
294 2815 507 2880 eruditionem
537 2815 573 2880 in
603 2816 648 2880 eis
681 2817 913 2900 cognoscendis
945 2818 1042 2882 sitam
1074 2837 1135 2881 esse

185 2902 392 2968 arbitrantur.
429 2902 522 2980 Quod
543 2907 654 2968 tamen
677 2905 774 2990 longe
797 2927 888 2970 secus
911 2908 973 2990 est,
994 2907 1135 2971 interest-

184 3014 246 3076 que
265 2993 583 3096 ,nimiumquantum
604 2993 778 3077 intereos,
802 2995 857 3078 qui
878 2997 1008 3060 tantum
1029 2994 1137 3059 tenent

182 3083 330 3167 nomina,
358 3086 391 3146 ιι
413 3104 482 3165 eos,
509 3082 565 3167 qui
587 3103 627 3146 ex
652 3082 756 3146 erudit
742 3085 849 3148 torum
876 3083 1044 3148 hominum
1067 3080 1136 3146 ιιιι-

182 3169 250 3251 ptis
282 3191 319 3234 ac
352 3133 554 3236 sermonibus
587 3171 625 3236 de
657 3171 794 3236 rebus
784 3172 864 3255 rpsis
896 3194 970 3236 vere
1001 3171 1136 3235 iudicare

184 3254 373 3322 didicerunt
418 3257 519 3324 Plena
546 3263 596 3322 est
623 3260 842 3343 exemplorum
864 3260 933 3326 vita
955 3257 1137 3338 communis,

183 3366 223 3409 ex
246 3345 362 3428 quibus
389 3346 485 3412 facile
508 3347 746 3431 intelligit
670 3347 746 3412 licet
751 3371 885 3433 ,quam
908 3370 1002 3434 saepe
1024 3347 1137 3431 vulgus

181 3433 384 3498 hominum
374 3457 410 3498 ιιι
432 3435 611 3500 iudicandis
633 3435 735 3500 virtut
734 3399 807 3502 ibus
830 3437 979 3520 vitiisque
1000 3435 1137 3500 fallatur.

184 3520 278 3598 Quod
308 3523 343 3586 ni
372 3522 419 3586 ita
448 3526 510 3607 est,
543 3524 620 3588 cedo
652 3545 812 3609 caussam,
845 3547 913 3609 cur,
946 3525 1001 3609 qui
1025 3522 1139 3605 mimis,

545 3703 723 3912 s
