2328 3956
189 198 233 263 40
516 195 695 254 EPISTOLA
713 197 810 252 XXVI.

186 343 326 427 niuibus,
348 347 393 421 et,
416 363 494 424 quoe
516 344 638 408 iuvenes
659 341 801 418 didicere,
828 360 913 407 senes
937 341 1065 406 serra
1086 341 1125 421 se

188 430 281 517 teri.¹)
325 430 485 516 Equidem
508 431 592 496 dabo
616 430 758 495 studiose
782 446 923 514 operam,
949 433 988 493 ut
1011 431 1126 512 eripiam

188 541 228 584 ex
250 519 367 583 animis
394 519 563 584 hominum
587 516 810 583 stultissimam
837 518 927 582 illam
950 518 1126 603 opinionem,

188 607 271 672 nihil
293 608 328 672 in
350 608 419 672 iure
432 611 490 674 aut
512 608 675 691 sapienter
687 606 824 692 eogitari
842 627 947 690 posse,
970 605 1055 690 quod
1074 627 1128 670 non

189 717 228 760 ex
248 695 315 760 illis
337 695 460 760 leeunis
473 695 650 780 hauriatur,
673 698 729 759 aut
742 694 865 760 erudite
879 694 951 778 diei,
975 693 1060 778 quod
1074 715 1127 757 non

189 784 310 849 insulse
332 783 595 869 ineleganterque
618 783 751 848 dicatur.
779 781 879 867 Spero
903 804 954 847 me
976 782 1029 848 his
1052 783 1128 846 aesti-

188 873 238 937 vis
261 873 439 956 mensibus,
462 871 577 957 quibus
600 893 652 937 res
674 871 895 955 proferentur,
917 872 954 935 in
976 870 1129 935 Tiburtino

191 982 318 1026 secessu
340 961 461 1045 aliquid
483 961 560 1025 novi
583 960 793 1024 edolaturum.
839 959 1003 1044 Quidquid
1025 959 1092 1042 erit,
1110 961 1129 1022 si

190 1049 268 1134 quid
290 1049 386 1114 modo
406 1050 476 1133 erit,
498 1071 570 1114 sum
589 1049 676 1113 enim
698 1048 831 1113 mirifice
855 1048 1031 1132 callipides‚
1052 1048 1130 1111 adte

190 1137 345 1202 mittetur.
371 1135 502 1202 Interea
515 1137 639 1202 amabis
661 1158 722 1220 me,
744 1140 783 1201 ut
804 1136 894 1220 fecis,
917 1173 960 1184 -
977 1137 1040 1202 sois
1061 1137 1130 1200 enim

190 1227 224 1290 te
246 1225 280 1290 id
301 1228 414 1290 mutuo
437 1224 553 1310 faeere,
567 1263 609 1273 —
634 1227 666 1290 et
689 1225 730 1288 ed
752 1247 818 1310 me,
841 1247 939 1308 quam
962 1225 1130 1309 saepissime

56 1369 58 1374 .
191 1313 329 1399 poteris,
366 1314 493 1379 scribes.
538 1313 629 1380 Vale.
661 1311 794 1378 Romae.
824 1330 872 1378 111.
902 1311 991 1380 Non.
1023 1310 1130 1378 Ianuar.

191 1419 361 1468 nnnxvm.

590 1491 746 1502 ——u——n-un

613 1578 733 1644 XXVI.

386 1703 436 1780 M.
463 1703 707 1778 ANTONIUS
734 1703 959 1784 MURETUS

431 1839 659 1896 ALEXANDRO
677 1839 825 1896 RIPARIO
846 1839 915 1896 SUO

622 1947 645 1990 Β.
657 1947 724 1989 nn.
849 1952 852 1954 ·

260 2054 434 2142 Versiculi,
465 2077 545 2140 quos
577 2053 619 2120 ad
650 2077 702 2121 me
733 2056 863 2140 misisti,
895 2057 1072 2122 ostendunt
1097 2057 1132 2120 ilh'

194 2145 323 2230 quidem
349 2148 397 2229 te,
424 2145 452 2210 si
479 2144 521 2210 ed
542 2144 701 2229 po‘e‘tioem
728 2145 896 2230 ingenium
922 2147 1018 2211 tuum
1041 2151 1132 2212 eontu-

193 2234 296 2317 lisses,
318 2237 351 2298 et
372 2235 477 2312 bonos
499 2233 673 2318 magistros
695 2237 810 2298 nactus
833 2233 868 2296 in
887 2254 925 2298 eo
949 2235 1057 2300 studio
1077 2255 1132 2318 per·

195 2321 341 2405 stitisses,
355 2321 396 2384 ad
410 2323 549 2405 aliquem
563 2322 795 2406 praestantiam
812 2322 978 2406 pervenire
998 2323 1132 2408 potuisse.

194 2407 282 2476 Nom
304 2412 337 2474 et
357 2411 523 2474 numerosi
544 2414 629 2494 sunt,
652 2413 686 2474 et
708 2410 885 2474 sententias
898 2410 1025 2478 hebent
1046 2431 1132 2494 neque

194 2497 406 2562 inoonoinnas
428 2517 532 2582 neque
555 2498 756 2583 ineleganter
779 2499 965 2584 collocatas,
988 2503 1023 2565 et
1043 2499 1132 2584 ipsun

196 2585 323 2650 dicendi
345 2605 447 2670 genus
470 2607 537 2652 non
553 2585 705 2652 abhorret
728 2609 748 2650 a.
769 2591 866 2654 reete.
892 2585 1056 2674 Planeque
1076 2607 1131 2671 spe·

195 2695 267 2739 rare
293 2693 419 2760 posses,
446 2678 479 2740 te
507 2674 680 2760 aliquando
707 2675 829 2741 bonum
855 2679 986 2760 pottem
1012 2676 1090 2760 fore,
1112 2675 1131 2738 si

195 2763 257 2829 hoe
280 2784 376 2849 egere
398 2765 504 2828 velles.
550 2761 613 2828 Sed
635 2763 759 2830 maiora
784 2763 845 2828 tibi
870 2765 1038 2850 preposite
1064 2767 1132 2845 sunt

197 2875 292 2939 quae,
319 2855 475 2938 quantum
496 2854 603 2936 potes,
630 2873 747 2938 urgeas
770 2873 899 2918 oenseo:
927 2856 960 2918 et
982 2851 1131 2918 subsicivis

195 2941 284 3008 horis
307 2944 451 3006 veterum
473 2942 643 3026 poetarum
661 2942 781 3026 scripte
794 2940 943 3006 menibus
965 2945 1060 3026 teras,
1078 2961 1132 3004 non

196 3035 264 3094 tam
287 3034 325 3095 ut
346 3030 496 3115 imiteris,
518 3051 615 3116 quam
641 3033 679 3094 ut
702 3029 802 3094 siste
826 3029 966 3098 oblectes
992 3031 1131 3112 simulque

197 3118 379 3202 aliquidem
402 3120 448 3184 eis
471 3119 612 3203 assidue,
639 3118 725 3203 quod
746 3118 807 3182 tibi
829 3117 902 3182 usui
925 3119 980 3204 sit,
1007 3119 1130 3202 colliges

196 3203 237 3270 In
261 3206 436 3271 scribendis
450 3207 595 3271 versibus
618 3209 780 3292 tempusa
802 3209 834 3270 te
857 3207 1017 3291 eolloeeri,
1037 3225 1131 3272 verm

196 3297 235 3356 ut
259 3292 378 3376 fatear,
393 3347 394 3356 ,
408 3294 518 3358 nolim.
562 3293 667 3360 Malos
694 3317 804 3359 versus
836 3291 941 3361 fauere
972 3300 1062 3380 turpe
1085 3297 1129 3375 est,

197 3379 373 3446 medioeres
395 3379 579 3465 inglorium,
592 3382 695 3448 bonos
710 3382 881 3468 difficilius,
895 3405 992 3475 quam
1005 3387 1040 3449 ut
1055 3401 1130 3468 prea-

271 3535 291 3604 ¹)
309 3534 374 3590 Hor.
395 3535 474 3605 epist.
492 3535 527 3589 IL
549 3541 572 3604 1,
592 3541 635 3591 85.
