2326 3942
368 217 549 275 EPISTOLA
567 221 627 275 XII.
940 220 980 284 15

47 364 148 448 dequo
171 385 223 428 me
245 367 316 428 tam
339 385 432 449 saepe
455 364 694 448 praedicantem
717 364 882 430 audiisses.
918 363 981 430 Hie

45 453 112 516 enim
132 455 182 516 331
203 475 287 517 3333
301 453 542 536 propemodum,
564 453 603 518 de
618 475 681 540 quo
696 474 756 538 ego
779 453 859 518 mihi
873 455 982 518 omnia

46 562 149 605 summa
169 542 315 625 polliceri
337 541 453 625 aude03
481 563 586 626 neque
613 545 736 626 metuo,
762 563 804 606 ne
832 563 884 608 me
907 563 981 626 spes

44 630 125 694 131131.
153 628 280 706 Quaeso
302 633 344 714 te,
367 631 578 714 complectere
593 651 667 696 eum
689 652 761 694 mea
775 653 871 696 causa
885 653 981 716 quam

43 719 144 800 poteris
171 718 419 784 humanissime:
444 719 560 804 dignus
589 722 638 784 est
666 719 752 784 enirn
776 719 982 784 333311333-

43 807 166 871 volentia
193 811 291 892 atque
323 828 440 872 amore.
485 807 657 892 Ingenium
686 829 861 894 summum,
889 807 981 872 indu-

44 895 105 959 stria
130 897 278 980 mirifica,
305 917 411 960 mores
440 897 554 979 optimi
583 900 680 981 atque
706 897 982 980 incorruptissimi.

43 983 171 1069 Denique
195 983 347 1070 quiequid
371 984 433 1048 dici
447 984 486 1048 de
509 985 565 1049 illa
588 988 693 1050 331313
715 985 890 1050 honorifice
912 990 983 1069 pot-

43 1076 86 1154 est,
67 1073 138 1137 tid
160 1095 213 1138 me
236 1073 275 1137 de
299 1094 336 1138 3ο
356 1073 474 1138 dixisse
497 1077 530 1137 31
551 1074 666 1138 merito
690 1073 808 1139 dixisse
830 1074 891 1138 tibi
913 1096 983 1157 per-

43 1123 167 1226 3311313.
204 1161 353 1262 Accipies
378 1161 419 1226 ab
442 1183 494 1246 eo,
518 1163 603 1250 quod
626 1166 772 1246 superest
794 1162 928 1246 Tibulli,
951 1167 984 1227 31

42 1249 148 1314 scholia
179 1271 253 1314 mea
280 1251 315 1314 in
346 1251 486 1336 primum
518 1251 650 1336 librum,
678 1251 717 1315 de
746 1252 862 1336 quibus
890 1252 984 1335 cupio

43 1339 135 1404 331133
157 1339 311 1404 iudicium
334 1337 550 1415 1333311311
573 1343 623 1404 est
622 1340 730 1425 ,quod
752 1339 848 1404 hodie
870 1340 911 1404 ad
933 1362 985 1404 me

42 1425 179 1492 llolinius
203 1427 340 1512 scripsit,
363 1427 445 1492 mira
459 1427 616 1513 quaedam
630 1449 711 1512 csse,
735 1449 816 1513 quac
837 1430 874 1492 tu
897 1427 986 1512 mihi,

42 1536 100 1580 cum
121 1517 207 1582 istuc
228 1517 401 1600 venissem,
430 1516 573 1582 dicturus
597 1517 705 1582 esses?
751 1514 785 1581 si
811 1537 863 1580 me
887 1539 985 1600 amas,

41 1605 178 1691 quiequid
204 1608 261 1688 est,
285 1605 396 1670 scribe.
423 1603 495 1690 Ego
520 1605 615 1689 enim,
638 1605 702 1670 nisi
725 1605 802 1690 quid
825 1605 912 1670 aliud
935 1627 985 1669 ac·
1069 1649 1073 1657 ·

41 1693 147 1779 3113311,
168 1695 316 1759 nondum
338 1715 389 1758 me
411 1693 495 1760 13133
508 1699 679 1758 venturum
701 1698 789 1779 puto.
817 1692 908 1760 Vale.
930 1713 985 1759 XV.

41 1781 218 1848 13113311.
241 1781 385 1847 Patavio.

427 1925 588 1936 ---—--.

471 2063 545 2131 XII.

348 2185 465 2240 EIDEM
488 2185 667 2242 MANUTIO.

98 2311 230 2396 Moriar,
259 2312 286 2376 si
314 2313 484 2398 quicquam
510 2335 653 2398 unquam
681 2311 743 2377 leci
769 2311 904 2377 invitus:
933 2311 987 2376 sed

40 2403 140 2465 133333
167 2401 309 2486 effugere
335 2423 404 2465 non
430 2423 576 2485 possum,
604 2402 683 2502 quin
709 2401 771 2466 tibi
799 2402 837 2466 de
860 2401 988 2466 Tibullo

42 2509 145 2570 parum
168 2491 337 2574 obsequar.
364 2488 496 2554 Etenim
520 2511 601 2592 quae
624 2490 660 2553 in
683 2511 721 2555 eo
743 2490 827 2554 libro
850 2491 988 2555 maxime

42 2577 180 2642 videntur
204 2597 334 2679 operam
355 2598 461 2642 meam
483 2579 653 2663 requirere,
676 2598 715 2642 33
733 2599 793 2664 ego
818 2600 917 2663 aeque
940 2579 988 2642 in·

41 2666 141 2751 telligo
170 2670 268 2752 atque
296 2667 324 2730 si
352 2667 471 2750 scripta
497 2689 564 2732 non
587 2672 702 2732 essent
738 2667 810 2732 In
801 2689 872 2750 ipso
896 2667 989 2751 quasi

42 2753 141 2818 limine
168 2755 239 2820 eius
266 2756 393 2840 generis
425 2756 582 2820 nonnulla
609 2760 693 2820 sunt.
739 2753 852 2840 Neque
879 2759 989 2818 tamen

43 2841 165 2926 despero
189 2843 312 2927 fore,u
291 2844 513 2946 utaliquando
537 2845 588 2908 vel
601 2866 677 2909 3333
699 2843 847 2927 incidam,
870 2843 922 2908 vel
943 2844 989 2906 la-

44 2928 111 2994 1333
133 2936 166 2996 31
180 2933 350 3017 diligentia
371 2933 556 3016 perveniam
570 2933 611 2996 ad
634 2931 764 3016 aliquid,
779 2930 864 3016 quod
886 2932 990 2995 lucem

44 3038 143 3084 eorum
165 3021 331 3088 nonnullis
355 3021 550 3086 31133311
518 3021 632 3106 Itaque
647 3023 804 3104 quantum
818 3040 868 3084 me
892 3041 990 3104 amas,

44 3109 107 3171 1331
94 3113 159 3173 tum
187 3131 208 3173 a
233 3113 267 3174 13
293 3112 370 3193 peto
398 3113 494 3193 atque
526 3109 699 3191 contendo,
727 3112 764 3173 ut
789 3129 841 3172 me
868 3107 965 3173 hac
955 3131 991 3173 m

45 3200 124 3274 parte
109 3198 257 3262 eanimo
284 3219 357 3262 meo
381 3198 564 3282 obsequi
539 3219 635 3262 sinas.
671 3159 758 3262 llam
781 3196 867 3283 quod
888 3199 991 3262 vereri

45 3282 157 3366 videris,
179 3307 222 3350 ne
246 3286 318 3350 dem
341 3307 520 3351 sermonem
543 3285 728 3351 hominibus
751 3285 931 3370 malevolis,
954 3287 991 3349 li-

46 3368 111 3436 bero
133 3378 166 3438 13
189 3374 252 3440 hoc
274 3378 370 3438 metu.
402 3374 549 3459 Malo,
523 3397 551 3438 s1
574 3375 764 3438 alterutrum
786 3395 916 3439 necesse
940 3375 992 3458 sit,

47 3458 199 3528 silentium
234 3483 343 3527 meum
379 3463 514 3564 culpari,
547 3485 644 3548 quam
674 3463 840 3527 audaciam
875 3461 991 3524 notari.

48 3543 135 3614 Crede
157 3551 219 3617 hoc
241 3551 331 3636 mihi,
353 3573 420 3619 non
435 3552 504 3616 sinc
528 3572 653 3616 summa
670 3549 818 3617 molestia
840 3549 932 3630 facio,
955 3551 992 3610 31
