2330 3944
188 181 254 244 104
584 176 721 232 ORATIO
738 177 770 230 X.

188 326 327 390 ommium
344 323 616 407 perfidiosissimus
639 320 672 386 b.
690 321 819 386 Marios
839 319 872 401 Q.
893 319 1034 387 Ouinium
1048 343 1121 402 proc-

188 413 383 504 stoaiissimo
404 413 553 494 dipriitoie
575 411 677 474 ciram
695 411 776 474 mori
792 409 896 492 potnit
918 409 1034 474 iubere?
1062 410 1122 474 Dies

188 503 321 583 deficiat,
342 503 371 566 si
387 501 477 566 veiim
491 519 666 575 mmraerore,
684 498 793 580 qmibms
812 498 899 564 bonis
911 499 991 562 ruoie
1003 499 1121 575 comedi

188 610 242 655 nec
268 590 386 668 mimus,
414 590 443 654 si
465 607 703 664 commemorem,
726 585 835 668 quibos
859 587 1005 668 improbis
1027 588 1122 668 optimc.

190 678 254 742 Cm
276 680 358 744 eroim
375 678 503 743 Marius
526 681 589 741 tom
605 675 735 755 feliciter
752 676 916 758 septimum
935 673 1045 740 Commi
1060 676 1123 738 domi

189 787 263 832 soce
289 787 378 832 smero
406 772 450 831 esi
474 763 635 830 mortum?
667 783 722 828 mr
754 765 892 828 omnium
923 763 1124 829 modeiissimm

190 860 255 919 tom
277 857 332 921 dim
350 855 453 921 otum
471 851 630 936 reputabit?
663 852 709 916 Ae
730 852 814 918 dedii
828 872 956 934 pomos.
987 851 1123 917 Prohiberi

189 943 299 1010 meiius
319 943 394 1025 fnit,
422 943 635 1025 impedirique,
662 961 700 1005 me
723 945 766 1004 iot
790 961 926 1006 summos
953 941 1033 1006 oiros
1051 942 1124 1004 iut-

189 1034 303 1114 moer,
323 1051 417 1114 qrrom
434 1032 537 1113 ipsum
554 1031 722 1111 aliquando
735 1049 852 1112 pomos
870 1031 954 1094 dore.
983 1029 1026 1094 Et
1037 1029 1124 1112 paubo

189 1121 289 1184 infra:
326 1119 551 1185 Amadorcbmm
578 1118 804 1184 Democriteum
831 1139 853 1182 o
876 1117 990 1201 Cyprio
1018 1123 1125 1200 tyrorum

190 1209 443 1291 meormirtcoimm
456 1209 595 1290 irpimms,
613 1207 767 1279 Zenonem
780 1206 925 1272 Eleatem
938 1208 974 1271 im
997 1207 1126 1271 tormentis

190 1303 338 1362 necatam.
377 1297 459 1378 Quid
485 1297 586 1362 dicom
612 1297 648 1360 de
670 1293 816 1360 Socrate?
845 1296 934 1360 enims
961 1297 1050 1360 morti
1071 1294 1125 1359 dio·

191 1388 327 1469 memori
344 1387 422 1452 soleo
437 1385 599 1450 Ptoiomm
619 1385 723 1466 tepens.
757 1383 886 1448 Videsne
903 1384 1001 1466 ipitm
1013 1383 1127 1448 Dmmm

190 1476 320 1554 indicio,
347 1477 376 1541 si
397 1477 532 1540 uiderent
553 1494 600 1539 res
622 1473 788 1550 itamaros,
812 1472 979 1537 discrimm
1001 1491 1058 1537 esse
1076 1471 1127 1535 sub·

192 1564 313 1628 iotam?
349 1563 501 1647 Diopmcs
524 1563 645 1644 quidem
663 1559 794 1643 &prims
817 1561 913 1625 dicere
932 1561 1045 1626 soicboi
1059 1561 1127 1624 Hur-

189 1653 312 1732 poimm,
343 1654 397 1732 omi
428 1651 609 1732 temporibus
639 1649 705 1714 iiiis
729 1649 847 1731 proedo
873 1648 954 1730 fetico
980 1649 1127 1723 bobebotm,

191 1744 298 1804 cmtro
320 1738 402 1812 Deos
425 1740 629 1804 testimoniam
651 1739 760 1816 dicere,
783 1737 865 1820 qdod
885 1738 922 1802 iro
946 1738 1004 1803 iiio
1024 1737 1129 1819 fortuna

192 1832 257 1892 tom
279 1829 334 1893 dim
356 1829 473 1893 ciceret.
499 1827 594 1912 Piget
615 1827 710 1910 plura
731 1824 880 1910 recitare}
904 1829 957 1892 est
976 1827 1058 1892 enim
1076 1827 1128 1910 ipse

193 1913 357 1982 Ciceronis
380 1917 461 1982 liber
483 1917 519 1980 in
541 1916 699 1980 manibus.

260 2004 381 2071 Seneca
412 2006 512 2092 igitur
544 2027 616 2070 curn
648 2009 680 2068 et
712 2006 753 2070 ab
786 2027 824 2070 ea
856 2005 1027 2091 disciplina
1057 2005 1130 2084 esset,

193 2115 275 2177 quae
299 2095 408 2160 omnia
430 2095 570 2159 maxima
592 2094 726 2158 minima
749 2093 857 2159 divino
882 2097 1018 2178 consilio
1037 2093 1129 2181 guber·

192 2184 265 2246 nari
293 2183 420 2265 statuit,
453 2186 485 2246 et
512 2183 554 2265 ei,
586 2205 681 2266 quem
707 2183 801 2248 unice
830 2182 1002 2269 diligebat,
1028 2181 1131 2248 Lucilio

191 2271 278 2334 idem
300 2271 526 2354 persuasisset:
555 2271 630 2354 quia
652 2275 763 2336 tamen
786 2273 957 2356 scrupulus
980 2274 1016 2337 in
1037 2269 1132 2336 Lucilii

193 2359 302 2424 animo
326 2359 441 2443 aliquis
464 2358 624 2424 residebat
647 2381 685 2424 ex
703 2382 755 2444 eo,
778 2361 863 2444 quod
886 2362 1132 2446 perspiceretur

191 2451 334 2532 poterat,
353 2469 409 2512 cur
426 2447 514 2512 Deus
534 2449 673 2533 optimos
692 2469 835 2532 quosque
854 2452 905 2514 tot
923 2448 1134 2515 acerbitatibus

192 2537 301 2599 vexari
325 2537 457 2622 sineret,
485 2537 553 2602 cius
576 2538 622 2601 rei
646 2559 774 2603 caussas
804 2537 844 2603 ad
868 2560 942 2604 eum
970 2539 1065 2606 misso
1085 2537 1134 2600 hoc

193 2626 458 2706 commentariolo
490 2627 676 2692 tractandas
704 2627 973 2714 explicandasque
1005 2625 1134 2709 suscepit.

191 2711 288 2779 Unde
312 2719 453 2801 constat,
479 2737 588 2781 veram
615 2715 701 2780 illius
728 2717 972 2801 inscriptionem
995 2740 1060 2783 non
1081 2733 1136 2779 esse

193 2824 277 2887 eam,
301 2826 382 2888 quac
405 2807 503 2891 vulgo
526 2808 656 2888 recepta
679 2808 741 2888 est,
764 2827 861 2888 quam
883 2827 944 2890 ego
968 2811 1085 2889 tamen,
1103 2821 1136 2866 ne

194 2893 303 2957 omnia
326 2915 445 2960 novare
469 2894 603 2976 dicerer,
625 2892 758 2975 retinui,
786 2891 835 2958 De
852 2895 1059 2974 providentio,
1085 2889 1138 2970 sed7

193 2981 297 3062 timore
335 2983 421 3050 botris
456 2983 533 3047 oiris
569 2982 668 3046 mrito
699 2981 784 3046 molo
820 2983 974 3062 occiderit,
1011 3002 1076 3048 mm
1106 2979 1138 3042 sii

190 3073 397 3150 providentio,
434 3074 471 3138 ut
508 3073 637 3137 constat
674 3092 713 3136 cx
744 3070 914 3139 Lactantio
952 3073 987 3138 in
1023 3071 1075 3136 lib.
1108 3066 1138 3128 tle

191 3158 241 3222 ira
260 3158 373 3246 Deir),
397 3162 486 3226 cuius
509 3162 608 3226 verba
630 3161 694 3226 huc
713 3161 908 3243 pertinentia
931 3163 966 3226 in
990 3162 1034 3227 eis
1056 3156 1139 3234 notis,

193 3267 274 3330 quas
306 3252 413 3312 vestra
446 3271 559 3313 caussa
592 3249 632 3313 ad
664 3248 760 3312 huius
796 3247 871 3310 libri
907 3249 1004 3316 finem
1036 3243 1140 3324 addidi,

192 3335 368 3419 reperietis.

248 3527 273 3596 *)
292 3525 354 3616 Diu.
374 3526 511 3580 instituti.
531 3525 563 3579 V.
584 3525 618 3579 de
636 3525 727 3581 russis.
748 3544 770 3582 c.
791 3532 832 3583 22.
852 3533 875 3594 ς.
897 3535 938 3583 11.
