2330 3944
173 223 236 286 110
557 215 692 272 ORATIO
711 217 745 269 X.

172 365 379 450 comparavit
429 361 476 428 Ac
512 383 637 445 vereor,
676 383 717 426 ne
758 361 830 444 quis
869 358 1028 424 interdum
1059 381 1108 444 me,

172 456 259 540 quod
287 477 303 518 e
331 454 445 517 talium
473 452 666 535 scriptorum
693 450 839 514 fontibus
870 448 1029 532 hauriam,
1058 470 1107 531 quo

173 544 407 627 disputationes
430 562 518 604 meas
540 541 684 625 irrigem,
707 537 1005 624 reprehendendum
1025 541 1108 620 putet.
1154 543 1155 567 ³

172 631 267 698 Unde
281 632 393 716 igitur,
412 651 470 714 per
482 629 588 694 Deum
603 625 831 710 immortalem,
848 627 957 710 potius
976 629 1110 708 repetam,

173 721 258 804 quod
289 719 458 785 honestius
490 721 547 782 aut
572 717 687 781 maiori
714 737 787 781 cum
818 715 926 780 fructu
953 715 1005 778 vel
1031 735 1110 778 ane

174 809 310 892 dicatur,
333 809 385 872 vel
408 806 540 872 euobis
563 803 734 872 audiatur?
763 803 818 870 An
840 807 928 868 totos
950 801 1019 868 dies
1040 824 1111 868 nunc

172 898 208 962 in
234 897 368 982 potticis
394 895 527 978 fabulis,
554 915 641 958 nunc
667 895 704 958 in
726 891 908 960 Stoicorum
932 895 992 956 ant
1012 891 1111 976 Epicu·
1154 921 1155 928 κ

172 1007 301 1051 reorum
341 984 538 1049 stultissimis
574 983 780 1067 opinionibus
816 981 1054 1068 perscrutandis
1085 983 1117 1044 ac'
1154 978 1155 982 ’

173 1073 429 1159 pervestigandis
469 1076 685 1156 conteremus,
724 1071 821 1154 idque
858 1091 931 1140 oum
967 1070 1113 1152 faciemus,
1154 1101 1155 1104 ¹

173 1167 300 1245 tempus
332 1162 414 1226 bene
446 1162 603 1226 collocare
634 1161 833 1245 putabimur:
866 1159 906 1222 ad
941 1180 982 1222 ea
1012 1179 1112 1243 cogno-
1154 1171 1155 1194 ³

175 1250 305 1334 suenda,
329 1271 410 1334 quae
432 1251 583 1335 ignorare
606 1251 676 1315 sine
698 1249 840 1334 pernicie
857 1267 925 1312 non
951 1268 1114 1332 possumus,

174 1341 298 1404 nullam
320 1341 446 1422 partem
467 1340 623 1423 temporis
646 1336 869 1404 conferemus?
898 1335 945 1400 At
969 1337 1060 1419 haec,
1078 1335 1114 1398 in·

175 1429 264 1512 quiet
287 1429 415 1513 aliquis,
437 1428 473 1492 in
494 1429 722 1512 theologorum
749 1426 867 1492 scholis
890 1429 948 1490 eut
973 1424 1115 1491 concioni·

173 1517 235 1582 bus
262 1518 347 1581 tradi
375 1518 492 1582 solent:
526 1539 546 1580 a
572 1520 604 1580 te
632 1516 696 1580 alia
728 1515 884 1597 quaedam
915 1515 1115 1598 requiruntur.
1154 1561 1155 1570 κ

173 1605 293 1670 Fateor
320 1607 466 1688 equidem
494 1605 534 1668 ab
563 1605 608 1668 eis
634 1604 715 1669 haec
742 1603 850 1668 omnia
872 1623 941 1667 non
969 1602 1116 1686 tempesti-

174 1693 245 1756 viuu
268 1693 364 1758 modo
392 1714 430 1757 ao
453 1693 709 1776 convenientius,
737 1692 793 1758 sed
819 1691 916 1756 etiam
943 1692 1058 1756 melius
1078 1711 1117 1754 co-

174 1781 359 1864 piosiusque
399 1781 540 1844 tractari.
596 1777 658 1845 Sed
697 1783 808 1844 tamen
846 1779 975 1844 utinam
1015 1779 1118 1844 talibus

174 1870 353 1954 praeceptis
390 1873 423 1934 et
458 1870 579 1955 templa
615 1872 648 1934 et
684 1868 826 1954 scholae,
861 1871 893 1932 et
924 1869 1067 1953 porticus
1094 1871 1120 1930 et

176 1960 425 2045 ambulationes,
443 1963 476 2024 et
492 1959 565 2024 fora
579 1962 612 2033 et
626 1958 767 2042 compita
785 1957 893 2022 onmia
906 1955 1118 2042 personarent!

175 2047 367 2114 Mandatum
390 2052 439 2114 cst
461 2049 554 2132 mihi,
580 2051 619 2114 ut
644 2047 736 2112 vobis
763 2047 825 2110 iter
851 2045 892 2110 ad
916 2045 1121 2130 eloquentiam

177 2142 430 2202 commonstrare
464 2158 605 2202 conarer.
650 2134 817 2220 Numquid
848 2135 948 2220 igitur
981 2157 1040 2200 vos
1070 2133 1121 2198 elo·

177 2227 360 2308 quentiores
383 2225 552 2288 effecturus
576 2247 660 2308 sum,
684 2225 712 2288 si
733 2223 796 2288 hoc
815 2225 1122 2307 quantulumcunque

177 2317 239 2396 est,
267 2313 352 2396 quod
374 2313 410 2376 in
433 2311 559 2376 dicendi
581 2312 735 2377 facultate
760 2316 968 2378 consecutum
993 2333 1061 2378 esse
1081 2331 1123 2374 me

176 2401 325 2466 nonnulli
361 2405 491 2485 putant,
526 2401 562 2465 in
598 2402 694 2486 nugis
732 2404 765 2466 et
800 2401 919 2466 fabulis
956 2420 1124 2482 exercuero,

177 2511 274 2572 quam
297 2490 324 2554 si
346 2511 404 2554 vos
427 2490 468 2554 ad
491 2509 605 2576 graves
628 2494 661 2554 et
684 2491 783 2555 serias
801 2511 853 2554 res
875 2488 971 2555 bonis
990 2493 1025 2555 et
1045 2487 1125 2553 lectis

176 2578 282 2641 verbis
320 2578 537 2664 explicandas,
574 2582 731 2664 quantum
753 2579 854 2644 ¹vires
877 2597 986 2643 ¹meae
1023 2577 1127 2658 ferent,

177 2667 322 2751 exemplo
350 2687 422 2732 meo
450 2671 483 2732 et
508 2669 644 2732 incitare
671 2671 705 2732 et
733 2667 933 2732 assuefacere
961 2663 1127 2733 studuero?

176 2754 258 2820 Mihi
290 2777 367 2822 vero
400 2758 521 2819 certum
553 2779 590 2821 ac
622 2757 835 2823 constitutum
872 2759 934 2840 est,
971 2777 1011 2822 ea
1046 2753 1128 2821 vobis

176 2848 332 2930 perpetuo
355 2843 495 2928 tradere,
524 2846 639 2928 quibus
662 2867 720 2912 vos
743 2867 811 2912 non
834 2845 1020 2910 disertiores
1042 2841 1128 2908 modo

178 2938 210 2999 et
237 2935 272 3000 in
299 2933 459 3020 loquendo
489 2934 681 3020 argutiores,
713 2935 769 3019 sed
797 2935 895 3000 etiam
923 2934 1073 2999 meliores
1099 2951 1130 2994 ac

178 3025 388 3108 sapientiores
417 3022 578 3087 redditum
605 3023 645 3086 iri
674 3025 865 3090 arbitrabor.
907 3021 1131 3106 Eloquentiam

179 3132 261 3196 esse,
276 3113 321 3176 ait
336 3111 446 3178 Cicero
452 3109 495 3200 *),
509 3133 577 3177 non
590 3111 720 3176 inanem
734 3113 887 3195 loquendi
901 3111 1132 3197 profluentiam,

179 3200 234 3263 sed
267 3201 459 3283 sapientiam
492 3201 621 3286 copiose
657 3203 849 3286 loquentem
897 3200 989 3276 Quod
1022 3200 1051 3264 si
1082 3199 1132 3276 est,

179 3287 233 3372 qui
261 3287 344 3352 nihil
372 3292 501 3374 praeter
528 3290 700 3354 verborum
731 3289 881 3354 flosculos
908 3293 941 3352 et
971 3287 1133 3374 pigmenta

178 3376 329 3461 tradunt,
354 3377 521 3442 minimam
544 3382 670 3460 partem
698 3379 899 3462 eloquentiae
925 3377 1069 3441 madunt.
1103 3371 1135 3436 Si

232 3571 258 3640 ⁴⁸)
279 3567 357 3623 Orat.
377 3569 474 3638 partit.
495 3574 536 3623 23.
558 3574 591 3624 79
610 3571 639 3624 et
657 3576 699 3626 81.

553 3822 668 3910 ΓΝ
