2368 3956
192 215 259 280 210
567 217 648 272 VAR.
666 216 770 274 Lucu.

191 381 268 426 nom
289 361 430 438 donum
454 359 511 426 sed
532 382 606 426 eum
620 364 760 446 excusat,
783 361 869 447 quod
883 363 1026 429 insuaue
1041 365 1136 430 intua

193 454 264 515 erat
285 450 403 534 oratio,
426 449 454 514 si
478 449 612 514 dixisset
632 456 896 530 ornoenentorunn
918 457 1049 536 propter
1068 453 1135 516 duas

193 539 362 623 contiguas
384 559 479 604 voces
494 538 605 604 eodem
619 539 715 604 modo
729 539 878 604 desinent
863 542 922 604 t.es
966 540 1038 626 Ego
1052 542 1134 605 eliam

193 646 341 694 caussam
372 625 498 712 adfero,
534 627 634 712 quod,
669 627 699 692 si
729 627 864 694 dixisset
849 631 1136 707 tornamentorum

192 715 294 780 videri
307 718 437 798 poterat
450 677 570 800 didere,
591 715 696 780 tribus
710 715 882 801 generibus
898 738 1006 782 rerum
1023 719 1137 802 plenam

194 823 264 868 esse
285 801 397 868 Venis
424 803 570 888 domum,
599 805 812 889 ornamentis,
839 804 925 872 fanis
953 809 987 870 et
1019 805 1137 890 oppidis

192 889 329 956 Nam
302 913 331 956 s1
356 892 440 956 nihil
467 893 553 958 aliud
579 892 732 958 obstabat
754 890 915 978 Ciceroni,
941 915 1039 978 quam
1065 893 1137 978 quod

194 978 344 1045 aitVict
329 981 446 1063 torius,
472 1002 514 1046 ne
541 981 630 1045 illam
658 981 924 1046 consuetudinem
956 1003 1047 1048 suam
1074 982 1136 1046 reti

193 1071 299 1152 neret,
320 1031 448 1153 poterat
469 1089 529 1152 pro
546 1070 676 1151 plenam
698 1070 971 1151 dicererescrtom.
1003 1069 1063 1136 Sed
1082 1092 1137 1134 non

195 1157 300 1220 solent
320 1157 414 1239 politi
437 1160 470 1220 et
483 1158 600 1222 eruditi
614 1159 786 1243 scriptores
801 1181 840 1224 ea
852 1160 997 1238 nomina,
1019 1179 1136 1244 quorun

193 1265 294 1308 unum
321 1265 360 1308 ex
387 1244 450 1310 alio
477 1246 611 1331 pendet,
636 1269 702 1312 uno
725 1251 758 1313 et
784 1248 897 1313 eodem
919 1269 1011 1330 casu,
1038 1268 1138 1332 genere

194 1353 232 1398 ao
245 1354 380 1398 numero
393 1355 528 1417 ponere:
543 1335 629 1420 quod
643 1357 682 1402 ea
694 1358 747 1402 res
761 1336 957 1422 ambiguam,
976 1337 1138 1414 obscuram,

193 1422 360 1488 insuavem
383 1423 562 1488 orationem
584 1424 672 1490 facit
722 1423 837 1511 Itaque
860 1429 1044 1491 acromonte
1062 1423 1138 1506 fone

193 1530 266 1576 rum
287 1514 373 1576 recte
397 1511 528 1576 dixeris:
553 1512 614 1598 sin,
636 1535 710 1578 cum
732 1513 813 1578 illud
835 1513 940 1580 dicere
957 1514 1064 1598 velles,
1084 1531 1137 1575 ma

194 1618 294 1684 gnam
316 1599 415 1664 fnisse
428 1601 669 1666 multitudinem
683 1622 804 1684 eorum,
827 1602 883 1687 qui
896 1602 1048 1668 fanorum
1061 1620 1138 1666 orna-

194 1690 304 1752 menta
331 1691 527 1774 spectarent,
549 1689 679 1756 dixeris·
706 1710 860 1774 magnam
882 1690 985 1756 fuisse
1011 1689 1137 1754 multitu·

194 1774 303 1840 dinem
326 1781 544 1860 spectatorum
557 1780 821 1843 ornamentorum
842 1777 1010 1844 fanorum:
1032 1776 1138 1842 nescire

193 1867 227 1928 te
249 1865 338 1950 loqui
361 1866 459 1930 etiam
480 1866 572 1950 pueri
595 1866 711 1932 dicent.
755 1865 865 1951 Atque
887 1867 951 1932 hoc
979 1871 1042 1951 est,
1067 1863 1138 1950 quod

194 1954 339 2018 rhetores
361 1958 507 2039 monent,
529 1947 671 2040 casibus,
693 1955 922 2040 generibuset
907 1951 1138 2020 tnumerisdi·

196 2042 318 2127 stingui
345 2042 459 2107 debere
485 2043 674 2108 orationem.
723 2041 815 2120 Quod
841 2047 880 2108 ut
906 2045 1011 2130 magis
1037 2040 1139 2106 intelli·

195 2134 300 2232 gutur,
320 2151 541 2197 removeamus
564 2133 699 2197 alteram
721 2153 760 2196 ex
781 2132 846 2198 illis
870 2132 995 2197 duabus
1014 2130 1138 2209 vocibus,

194 2223 233 2283 ut
246 2219 302 2304 sit,
324 2225 574 2286 ornamentorum
584 2221 871 2303 fenornmplenom
889 2223 1030 2298 domnm;
1054 2237 1138 2302 aeque

194 2308 306 2392 inepta
337 2308 399 2372 erit
430 2308 542 2373 oratio.
600 2307 677 2374 Non
707 2309 809 2394 igitur
841 2309 927 2394 quod
963 2313 1030 2373 tres
1059 2326 1138 2370 voces

194 2396 308 2460 eodem
344 2396 441 2461 modo
472 2397 736 2482 terminarentur,
775 2417 812 2462 eo
844 2399 891 2462 ita
922 2398 1012 2482 loqui
1044 2393 1139 2462 Cicero

195 2483 314 2548 noluit.
338 2485 394 2549 sed
416 2488 548 2586 propter
571 2507 651 2570 eam,
675 2508 772 2571 quam
785 2486 882 2552 modo
900 2485 1043 2570 exposui,
1064 2503 1138 2548 oaus-

196 2593 275 2638 sam.
319 2571 370 2638 Ea
384 2574 472 2638 enim
486 2573 626 2658 sublata,
649 2575 833 2640 coniunctio
847 2595 915 2640 non
928 2576 1027 2639 trium
1049 2570 1139 2648 modo,

197 2662 317 2727 sedt
285 2665 317 2727 et
345 2662 487 2746 plurium
514 2663 661 2727 similiter
692 2662 908 2727 desinentium
939 2684 1054 2727 vocum
1083 2657 1175 2730 uitii

195 2751 277 2816 nihil
291 2751 442 2817 habitura
456 2755 514 2816 est.
551 2749 691 2818 cicero
681 2773 716 2816 m
734 2748 959 2836 Miloniana¹:)
983 2750 1139 2820 Sannio

194 2841 384 2926 placitorum,
413 2841 587 2922 frenorum,
623 2859 801 2924 spusennes,
831 2840 1029 2922 pilorumque
1063 2837 1140 2901 nnn

196 2929 277 2994 nntt
263 2931 361 2996 titudo
373 2929 554 3013 deprehendi
569 2949 660 3012 posse
675 2927 881 2995 indicabatur.
925 2927 1036 3011 Vides,
1058 2941 1140 3010 quam

196 3018 254 3083 illa
281 3019 429 3084 similiter
455 3018 635 3083 desinentia
661 3039 729 3084 non
759 3015 887 3102 fugiat?
926 3013 1028 3080 Addit
1056 3013 1139 3078 homo

197 3107 433 3192 eruditissmus‚
456 3106 512 3172 sed
544 3110 629 3172 certe
661 3105 825 3172 interdum
852 3104 960 3170 minus
987 3102 1139 3168 wenratus

198 3217 295 3281 quam
323 3219 383 3281 par
410 3200 493 3280 erat,
520 3196 682 3260 invenisse
706 3217 740 3260 se
768 3195 866 3260 etiam
890 3194 1027 3258 alterum
1048 3190 1141 3254 locun

196 3285 232 3349 in
247 3282 409 3350 Ciceronis
433 3247 602 3370 scriptis,
593 3305 629 3350 m
652 3305 716 3370 quo
738 3284 792 3348 ille
816 3279 1078 3349 accusuetudine
1094 3294 1141 3339 sua

197 3372 388 3456 discesserit,
409 3394 514 3458 neque
538 3395 572 3439 se
594 3376 705 3439 tantae
719 3371 846 3440 consilii
859 3367 1047 3436 mutationis
1065 3384 1141 3430 caus·

272 3565 292 3632 ¹)
311 3581 334 3618 ο.
353 3569 395 3619 24.
416 3569 431 3630 s
450 3569 492 3619 ca.
749 3559 751 3566 ⁴
1154 3575 1171 3926 p
