2368 3956
191 179 254 246 168
559 181 645 237 VAE.
664 179 768 238 LECT.

190 325 366 391 concrescit
386 325 423 389 in
444 325 552 390 nivem
574 325 688 392 autin
711 326 857 411 glaciem,
879 347 962 412 quae
984 329 1085 411 partes
1105 327 1133 390 in

189 434 228 478 eo
260 413 443 478 subtiliores
474 435 512 478 ac
538 413 701 480 tenuiores
730 417 819 498 sunt,
851 435 907 479 ecs
933 415 970 480 in
995 415 1050 480 illo
1073 416 1133 498 ipso

190 523 374 586 compressu
402 523 589 568 evanescere
617 523 655 570 ao
682 502 798 568 difflari
819 523 952 570 necesse
974 507 1035 590 est,
1061 504 1133 568 solas

190 593 299 655 autem
325 611 455 655 manere
483 590 715 666 crassioreset
744 591 1007 676 ponderosiores,
1031 591 1064 655 id
1087 597 1134 674 est,

189 678 304 851 titt
319 700 437 853 ttt.
451 679 1134 854 tttqttttttstttttttttt

191 855 359 940 dissolvat,
385 857 492 921 minor
518 857 632 922 modus
656 878 771 942 aquae,
799 877 896 942 quam
919 859 1016 920 antea
1036 855 1135 938 fuerat,

190 943 375 1027 reperietur.
411 944 504 1020 Quod
525 949 717 1030 argumento
731 947 794 1028 est,
815 945 853 1009 in
869 945 927 1010 illa
949 944 1135 1010 concretione

190 1035 316 1116 partem
339 1032 481 1116 aliquam
503 1031 621 1098 abiisse
644 1055 682 1098 ac
705 1033 895 1116 dissipatam
916 1053 997 1098 esse.
1045 1029 1135 1098 Nocet

190 1120 291 1204 igitur
313 1120 501 1203 corporibus
523 1124 682 1186 nontam
708 1119 829 1206 frigore
854 1121 927 1206 ipso
951 1142 1048 1206 quam
1064 1141 1135 1185 cras·

192 1207 331 1272 situdinc
353 1230 391 1273 ac
412 1209 562 1292 pondere.
607 1209 721 1294 Itaque
740 1209 867 1274 etiamsi
890 1209 1047 1274 dissoluta
1067 1209 1134 1274 cale·

191 1296 262 1381 fiat,
284 1317 385 1381 seque
406 1297 503 1362 noxia
526 1298 595 1363 erit
626 1297 699 1363 Hoc
720 1299 843 1383 vitium,
866 1297 952 1383 quod
974 1297 1135 1362 maximum

192 1387 254 1469 cst,
277 1385 318 1450 ab
341 1385 416 1470 hac,
439 1407 503 1471 qua
525 1407 585 1471 ego
607 1390 696 1470 utor,
720 1387 831 1452 abesse
855 1389 940 1450 certe
962 1385 1059 1450 vides.
1083 1383 1134 1448 His

193 1473 286 1538 dictis
309 1476 343 1537 et
367 1495 402 1538 re
431 1475 528 1558 paulo
552 1475 732 1540 accuratius
759 1474 961 1540 considerata
983 1473 1134 1560 acquievit.

191 1560 232 1626 In
254 1561 366 1626 eodem
389 1565 496 1627 autem
518 1563 575 1628 illo
588 1561 746 1628 Macrobii
764 1564 836 1628 loco
858 1563 1032 1628 leviusculs
1053 1583 1135 1648 quae-

193 1649 267 1714 dam
289 1653 455 1734 praetcrea
478 1673 517 1716 ex
538 1652 655 1716 veteris
677 1651 753 1716 libri
778 1651 840 1716 fide
864 1673 884 1714 a
905 1671 958 1715 me
980 1651 1135 1716 emendata

193 1741 292 1803 erant
341 1736 427 1804 Nam
454 1739 511 1803 ubi
541 1739 660 1824 legitur
689 1759 768 1822 quoe
798 1744 844 1806 est
877 1739 1053 1822 corpulento
1075 1743 1136 1822 post

192 1830 318 1908 terram,
351 1829 444 1893 vetus
470 1827 612 1892 habebat
637 1849 701 1912 qua
726 1832 771 1893 est
795 1829 972 1910 corpulento
991 1833 1064 1910 post
1087 1833 1133 1892 ter·

191 1935 279 1981 ram:
311 1919 345 1980 et
378 1917 476 2000 paulo
515 1919 592 2002 post
626 1917 777 1995 coalescit,
810 1916 867 1981 ubi
901 1917 1000 2001 vulgo
1032 1917 1134 2001 legitur

191 2004 329 2071 calescit:
352 2008 386 2069 et
411 2005 522 2088 paucis
549 2007 626 2088 post
646 2005 753 2070 verbis
779 2024 849 2070 cam
871 2005 1053 2084 demeretur,
1072 2025 1133 2086 nor,

191 2097 229 2158 ut
254 2093 366 2178 vulgo,
392 2113 462 2158 mem
492 2095 678 2158 densaretur.
733 2092 888 2179 (lerteque
921 2093 1053 2172 denseri,
1080 2113 1133 2157 non

192 2182 317 2246 densari
335 2181 432 2246 etiam
447 2181 533 2266 apud
545 2180 719 2266 Virgilium
737 2185 770 2246 et
792 2182 878 2266 apud
890 2179 1064 2248 Horatium
1082 2179 1133 2267 legi

192 2270 248 2334 alii
271 2291 398 2357 quoque
420 2270 486 2334 iam
508 2269 633 2362 pridem
656 2273 863 2336 annotarunt.

502 2478 647 2548 cnunc
669 2480 838 2548 xxxvn.
961 2445 964 2448 ’

231 2599 281 2657 DE
299 2599 492 2658 MITYLENE
510 2601 664 2659 HORATII
681 2603 767 2659 LOOI
784 2601 860 2660 DUO
877 2601 1098 2661 ILLUSTRATL

257 2709 335 2777 Non
356 2715 476 2776 temere
499 2714 561 2796 est,
584 2711 670 2797 quod
691 2710 848 2776 Horatius
865 2710 1044 2797 Mitylenen
1062 2713 1132 2778 inter

191 2800 287 2866 urbes
309 2799 542 2884 pulcherrimas
565 2804 726 2866 numerat:
749 2804 819 2864 tum
841 2797 878 2864 in
899 2799 1026 2888 Odis²):

235 2923 427 2992 Laudabunt
446 2925 506 2992 alil
522 2923 689 3008 pulchram
709 2922 842 2990 Rhodon
862 2929 920 2992 cot
939 2925 1114 3010 Mitylenen:

191 3053 261 3116 tum
283 3049 319 3114 in
340 3045 547 3136 EpistolisUz

236 3173 393 3240 Incolumi
414 3172 539 3240 Rhodos
559 3176 590 3239 et
609 3171 760 3254 Mitylene
775 3169 911 3254 pulchra
931 3172 1019 3253 facit,
1038 3171 1111 3256 qood

234 3261 381 3331 Parnaco
401 3262 544 3344 solstitio,
566 3260 906 3347 compersonatus
929 3261 1022 3328 amre.

264 3457 285 3525 ¹)
303 3457 324 3512 1.
345 3463 370 3512 ⁷·
529 3521 532 3528 .

265 3527 469 3597 ¹)1.11.1⁷s
