2326 3942
380 205 589 262 PRAEFATIO
608 207 629 262 1.
898 172 904 191 '
921 205 986 270 201

37 348 104 430 lem,
128 349 283 414 orationis
297 353 331 415 et
353 353 510 436 gravitate
525 355 558 417 et
571 352 676 436 copia,
699 355 821 437 quanta
835 351 988 437 omnium,

38 437 84 520 qui
97 436 243 523 aderant,
265 461 334 504 non
348 441 580 526 approbatione
602 444 743 525 tantum,
765 441 988 506 verumetiam

37 525 239 592 admiratione
262 529 394 594 dixisti?
416 535 453 594 ut
475 531 540 597 iam
562 534 633 595 tum
657 552 784 614 sperare
802 552 870 594 non
892 528 988 594 dubie

36 617 157 680 senatus
194 618 396 702 populusque
428 617 572 686 Venetus
609 619 765 703 eoeperit,
801 640 883 705 quae
918 621 988 682 tam

1 715 2 751 f
37 704 143 767 diserte
171 705 207 769 in
230 707 294 771 alio
321 707 481 796 laudares,
509 731 547 774 ea
572 710 606 772 te
634 707 807 794 aliquando
833 727 868 771 re
892 709 988 791 atque

37 793 177 874 operibus
205 796 442 878 praestiturum.
488 798 593 884 Igitur
615 819 688 863 oum
711 818 783 861 eam
810 795 989 860 orationem

35 880 63 943 in
85 882 254 964 publicum
281 886 455 971 emisisses,
481 908 578 952 nemo
599 889 745 969 repertus
768 887 831 968 est,
854 883 909 969 qui
922 905 990 948 non

35 970 209 1036 incaelum
231 973 372 1058 tolleret3
400 981 468 1059 aut,
496 978 524 1042 si
547 975 602 1062 qui
624 979 738 1058 postea
763 974 906 1056 bierunt,
934 971 990 1057 qui

36 1079 95 1123 eam
118 1061 303 1126 clanculum
326 1067 536 1130 extenuarent
557 1065 676 1148 verbis,
699 1085 754 1128 eos
769 1063 848 1128 satir
862 1063 991 1126 constat

35 1149 77 1211 vel
110 1151 327 1215 crassitudine
365 1153 502 1238 ingenii,
542 1176 583 1218 ne
618 1152 705 1216 illius
740 1149 990 1236 pulcritudinem

35 1237 229 1323 pervideant,
255 1241 320 1325 vel,
347 1263 387 1306 ne
410 1265 469 1326 pro
493 1243 652 1328 dignitate
675 1239 915 1322 commendent,
937 1259 990 1302 ve-

36 1329 91 1389 tere
113 1327 232 1392 morbo
255 1335 428 1414 perpetuae
450 1332 486 1397 in
508 1352 620 1396 omnes
643 1331 746 1394 bonos
768 1329 907 1394 invidiae
930 1327 989 1390 im·

37 1415 139 1497 pediri.
175 1415 349 1483 Accessere
371 1421 422 1484 his
445 1443 545 1505 prope
559 1419 739 1506 quotidiani
757 1439 883 1482 mecum
897 1415 990 1480 Pauli
1051 1420 1054 1429 '

37 1501 167 1569 Manutii
198 1505 237 1570 de
263 1511 322 1571 tua
352 1509 445 1573 laude
474 1529 650 1592 sermones,
682 1507 717 1571 in
744 1507 834 1571 cuius
865 1508 902 1568 tu
929 1502 991 1566 viri

4 1623 5 1626 ¹
38 1613 81 1656 ore
101 1595 203 1678 plane
225 1595 364 1662 habitas.
406 1597 459 1662 Ita
481 1599 567 1664 enim
589 1597 785 1681 frequenter,
808 1595 854 1658 ita
877 1591 991 1676 cupide

4 1713 6 1752 2
37 1682 125 1747 dete
158 1685 315 1769 loquitur,
347 1689 385 1750 ut
414 1687 495 1751 mihi
521 1707 688 1771 nunquam
716 1683 861 1766 omnin0,
893 1702 991 1766 quam

38 1792 99 1836 oum
124 1771 165 1836 de
188 1777 221 1836 te
245 1774 348 1838 dicere
370 1775 535 1860 ingressus
549 1779 611 1858 est,
633 1773 800 1838 facundior
822 1793 892 1836 esse
904 1770 991 1834 vide-

37 1863 108 1926 atur.
147 1860 256 1946 Attigi
278 1863 417 1929 breviter
439 1887 490 1949 ea,
513 1886 594 1950 quae
617 1884 683 1947 me,
706 1865 744 1926 ut
765 1861 851 1926 hunc
872 1859 991 1923 librum

37 1953 85 2013 tuo
120 1951 249 2014 nomini
284 1953 489 2036 potissimum
524 1953 745 2035 inscriberem,
786 1949 991 2032 impulerunt.

36 2037 125 2104 Nunc
158 2063 178 2104 a
209 2043 256 2124 te,
293 2041 478 2106 adolescens
510 2041 729 2123 ornatissime,
765 2038 863 2102 etiam
895 2039 992 2120 atque

39 2129 129 2192 etiam
156 2132 249 2213 peto:
276 2129 430 2214 primum,
456 2134 494 2194 ut
520 2129 745 2195 munusculum
771 2127 832 2191 hoc
859 2145 926 2189 non
953 2145 992 2186 ex

39 2239 89 2281 sua
110 2218 350 2303 magnitudine,
378 2220 434 2284 sed
456 2241 495 2284 ex
517 2239 589 2284 meo
615 2218 678 2282 tibi
700 2214 901 2302 gratificandi
924 2213 992 2276 ani·

40 2325 84 2368 mo
111 2307 288 2392 ponderes3
316 2301 443 2392 deinde,
469 2312 520 2394 ut,
548 2307 576 2372 si
603 2307 731 2393 quando
759 2326 869 2369 eorum
895 2302 992 2366 ratio-

39 2415 106 2460 nem
137 2396 253 2478 inibis,
285 2418 366 2481 quos
398 2397 533 2461 eximiae
555 2400 630 2460 tuac
661 2393 790 2459 virtutis
823 2391 992 2456 admiratio

40 2485 179 2549 adiunxit
210 2484 287 2569 tibi,
318 2506 369 2549 me
402 2507 542 2570 quoque,
575 2486 603 2549 si
630 2485 769 2567 videtur,
801 2502 911 2546 eorum
939 2480 993 2543 ad-

40 2574 236 2639 scribendum
277 2595 412 2638 numero
448 2574 619 2640 existimes.
673 2571 828 2638 Venetiis.
882 2569 993 2636 Idibus

41 2659 161 2729 Octobr.
183 2679 313 2735 unniv,
