2326 3942
171 169 191 232 3
533 163 767 222 EPISTOLAV.

168 313 314 398 equidem
338 311 479 394 esttibi,
501 309 666 393 Herculea,
689 309 775 396 quod
789 331 1002 376 succenseam.
1032 310 1121 392 Tene,

168 423 240 466 cum
263 401 316 466 hic
339 420 439 483 esses,
467 399 565 464 semel
592 401 720 463 tantum
743 399 857 464 adme
881 399 998 464 adiisse
1022 421 1121 484 neque

167 494 281 574 postea
302 489 434 554 rediisse
458 487 618 572 amplius?
645 487 759 572 Itaque
773 491 855 552 utte
877 489 1023 572 ulciscar,
1047 489 1122 552 nihil

168 579 271 643 adhuc
294 578 335 642 ed
358 599 412 642 eas
434 577 571 660 litterae,
595 597 675 662 quas
698 598 718 640 a
739 579 772 642 te
794 577 999 660 plenissimas
1025 577 1122 642 suari-

167 668 245 732 tatis
269 665 386 750 accepi,
407 665 596 750 respondeo.
633 663 751 730 Curavi
773 669 895 748 tamen,
917 669 955 730 ut
976 665 1020 750 id,
1045 666 1122 750 quod

168 756 314 840 petebas,
351 755 401 834 ad¹
422 757 455 819 te
486 754 676 820 mitteretur.
722 753 838 818 Valete
875 755 972 819 ambo
1002 775 1123 838 nosque

170 848 274 910 amate
298 845 419 908 ambos.
449 843 592 908 Patavio.
614 841 654 908 A.
678 843 707 908 d.
730 861 799 908 xlv.
821 841 892 907 Kal
915 839 1003 907 Maii.
1045 841 1123 908 Nolo

170 935 256 998 enim
277 933 382 998 facere
406 932 491 1017 quod
513 936 558 1014 tu,
582 931 637 1017 qui
658 931 821 996 interdum
843 953 902 1015 pro
925 930 1013 996 Maio
1033 931 1122 1014 Apri·

169 1023 246 1106 lem,
277 1043 336 1104 pro
368 1039 400 1085 x.
422 1039 504 1086 nvn.
531 1020 635 1104 ponis.
680 1019 794 1104 Itaque
825 1020 988 1084 interdum
1019 1020 1124 1084 videor

169 1111 249 1174 mihi
276 1110 419 1193 accipere
445 1110 568 1174 litteras
594 1113 668 1173 tuas
694 1127 742 1180 xx
769 1108 882 1172 diebus
907 1109 991 1192 ipsis
1015 1113 1123 1192 postea

172 1221 268 1283 quam
296 1198 433 1282 scriptae
461 1202 551 1282 sunt3
583 1197 745 1262 interdum
772 1199 886 1262 contra
914 1217 970 1262 sex
997 1200 1057 1260 aut
1083 1219 1122 1260 se-

171 1291 259 1370 ptem
288 1287 399 1351 diebus
427 1290 501 1352 ante
530 1309 627 1372 quam
650 1287 787 1371 scriptae
810 1286 889 1370 sint,
915 1285 1122 1370 perferuntur.

171 1376 292 1442 Iterum
314 1377 394 1441 vale.

491 1669 609 1743 ninam
631 1677 809 1746 Minucio.

239 1813 319 1879 Heri
340 1817 492 1900 respondi
515 1817 555 1881 ad
578 1837 632 1880 eas
655 1815 794 1899 litteras,
816 1837 896 1900 quas
920 1834 943 1880 a:
965 1817 999 1882 te
1027 1817 1122 1900 pridie

174 1925 367 1990 acceperam,
390 1905 547 1991 simulque
569 1904 644 1969 misi
667 1904 708 1968 ad
729 1908 762 1968 te
781 1905 910 1969 chartas
931 1905 1056 1990 aliquot
1070 1903 1121 1970 Ca-

173 1993 253 2056 tulli.
298 1993 371 2079 Ego
405 1997 532 2058 strenue
559 2013 673 2078 urge03
707 1993 762 2057 sed
788 1993 843 2057 vix
874 1993 999 2077 credas,
1031 2015 1121 2078 quam

174 2080 275 2145 multa
308 2081 449 2168 quotidie
480 2081 636 2166 incidant,
673 2101 754 2167 quae
787 2102 915 2146 cursum
950 2081 1124 2166 impediunt

174 2189 290 2234 meum.
335 2169 413 2236 Cras
436 2173 585 2254 exspecto
609 2192 629 2236 a
650 2173 696 2254 te,
720 2173 876 2254 quantum
903 2171 989 2255 typis
1013 2169 1121 2234 descri-

173 2261 266 2338 ptum
289 2259 357 2325 erit.
393 2257 456 2323 Est
477 2259 574 2323 etiam
599 2259 694 2342 aliud,
718 2257 803 2343 quod
825 2257 906 2324 mihi
929 2281 949 2323 a
969 2263 1003 2322 te
1026 2260 1122 2322 curari

173 2347 336 2428 pervelim.
371 2345 521 2412 Lambini
542 2347 766 2431 interpretatio
794 2347 950 2412 librorum
973 2347 1012 2411 de
1034 2348 1122 2411 mori·

174 2434 235 2499 bus
257 2437 348 2500 valde
372 2457 391 2500 a
413 2457 465 2500 me
488 2435 701 2500 desideratur:
725 2439 758 2500 et
781 2437 843 2500 scis
865 2455 926 2520 me,
950 2457 1046 2521 quam
1067 2436 1122 2499 sim

174 2521 210 2587 in
231 2524 293 2589 hoc
316 2545 431 2610 genere
454 2525 634 2608 impatiens.
665 2523 728 2589 Vel
749 2524 936 2610 ignotorum
962 2525 1122 2590 hominum

174 2611 274 2677 libros
301 2613 348 2678 ita
374 2613 524 2678 ardenter
551 2616 701 2697 appetere
729 2613 832 2697 soleo,
859 2616 896 2676 ut
918 2613 1024 2678 omnis
1050 2611 1122 2676 mihi

175 2702 319 2766 celeritas
341 2703 434 2766 tarda
455 2723 525 2767 esre
539 2701 697 2766 videatur:
720 2701 838 2766 nedum
852 2702 913 2766 hoc
926 2719 1035 2766 carere
1055 2721 1121 2784 pos-

176 2791 245 2874 sim,
269 2791 324 2876 qui
347 2795 379 2855 et
400 2791 541 2856 hominis
564 2791 659 2854 amici
681 2793 739 2874 est,
762 2789 906 2854 ethabet
927 2790 1121 2874 percrebram

174 2901 294 2964 perque
320 2879 530 2944 honorificam
556 2879 753 2944 mentionem
775 2879 848 2942 mei.
892 2876 969 2942 Misi
992 2879 1033 2943 ad
1054 2876 1121 2943 Val-

175 2969 301 3052 grisios,
325 2969 380 3054 qui
399 2972 531 3032 emeret:
555 2967 695 3032 caussati
718 2971 802 3050 sunt,
824 2967 969 3031 nondum
983 2983 1052 3032 esse
1073 2965 1120 3028 ab·

176 3057 325 3123 solutum.
352 3056 425 3142 Ego
449 3060 556 3122 autem
578 3057 652 3120 illos
675 3055 805 3120 mentiri
828 3055 902 3120 scio.
929 3053 1017 3120 Nam
1037 3054 1121 3120 Ian-

175 3144 270 3210 binus
293 3147 362 3229 ipse
386 3147 427 3210 ad
450 3168 514 3230 me,
541 3145 607 3210 iam
630 3148 803 3230 antequam
830 3144 926 3208 istinc
949 3143 1119 3222 discederet,

177 3233 348 3314 scripserat
385 3234 568 3298 absolutum
601 3253 679 3298 esse.
724 3231 837 3317 Neque
868 3253 944 3298 vero
981 3236 1119 3317 exputare

177 3341 318 3404 possum,
341 3341 397 3383 cur
418 3325 546 3405 negent.
584 3319 724 3384 Obsecro
746 3324 793 3404 te,
816 3321 908 3384 mitte
931 3322 1069 3406 aliquem
1087 3318 1119 3381 de

176 3407 251 3489 tuis,
274 3407 329 3491 qui
352 3410 447 3490 emat,
469 3409 516 3472 ita
537 3412 656 3492 tamen,
678 3412 716 3472 ut
737 3429 779 3472 ne
801 3429 853 3472 me
875 3411 1030 3474 nominet.
1058 3406 1118 3490 ago

178 3514 252 3558 mox
280 3494 321 3558 ad
347 3497 380 3557 te
412 3496 594 3577 pecuniam,
623 3495 735 3579 quanti
764 3501 868 3560 emtus
896 3499 970 3582 erit,
997 3497 1117 3561 mittan.
