2330 3944
198 213 240 279 82
559 212 695 268 ORATIO
713 212 789 267 VIII.

196 363 408 426 monumenta
438 360 562 445 ingenii
589 380 626 423 ao
659 358 824 424 doctrinae
850 357 1064 444 magmtudine
1087 378 1126 420 ex·

198 452 371 532 struxerat,
389 469 427 512 ea
441 451 474 512 et
487 448 597 513 multis
611 451 687 532 post
702 447 808 531 ipsum
822 448 956 512 saeculis
970 447 1126 531 viguerunt,

197 541 245 622 et,
263 559 336 602 oum
353 540 467 621 postea
486 536 586 601 densa
604 536 762 620 quaedam
776 540 809 600 et
826 557 927 620 opaca
945 557 1010 600 non
1022 555 1127 600 omnen

197 647 298 710 prope
326 625 568 710 disciplinarum
598 626 703 688 lucem
735 625 952 709 exstinxisset,
985 645 1024 687 ex
1048 623 1128 687 oculis

197 717 309 798 erepta
330 714 517 779 incredibile
541 713 732 778 desiderium
756 714 805 778 sui
826 714 861 778 in
884 713 1026 778 omnium
1047 711 1128 775 erudi-

196 806 306 868 torum
324 803 440 868 animis
457 803 663 887 reliquerunt.
700 800 794 866 Elate
813 805 846 866 et
863 801 1032 886 magnifice
1050 800 1129 881 dese,

197 895 235 955 ut
254 893 350 976 solet,
363 891 535 974 Pindarus,
554 891 610 954 sed
628 894 739 954 tamen
756 911 838 954 vere.
867 888 1062 955 statuarium
1077 909 1130 952 esse

199 1001 233 1045 se
255 983 369 1065 negat,
397 980 452 1062 qui
474 982 580 1044 mutas
604 982 728 1044 statuas
751 979 857 1043 edolet
883 1001 951 1042 una
974 978 1083 1042 defixas
1105 977 1129 1038 iu

198 1069 282 1151 basi,
310 1068 366 1132 sed
393 1089 473 1152 quos
500 1069 570 1152 ipse
597 1067 745 1132 cantibus
772 1068 838 1132 suis
866 1068 1130 1150 celebratarum

197 1156 321 1221 famam
341 1159 429 1221 terra
451 1157 596 1240 marique
619 1157 728 1242 spargi
751 1177 788 1220 ac
811 1155 1022 1221 disseminari.

266 1243 329 1310 Sed
347 1248 442 1310 erunt
459 1245 612 1330 fortasse,
631 1245 686 1328 qui
699 1245 800 1308 vitam
812 1245 987 1309 militarem
1004 1244 1073 1309 huic
1088 1264 1131 1306 no·

200 1336 285 1398 strae
304 1337 438 1419 pacatae
458 1338 554 1418 atquc
568 1333 734 1399 umbratili
752 1333 1014 1416 anteponendam
1030 1333 1132 1418 putent.

198 1421 282 1487 Mihi
311 1423 440 1508 quidem
466 1423 601 1488 fortium
627 1423 770 1488 virorum
797 1421 951 1486 virtutem
979 1423 1132 1486 detrectare

199 1514 256 1576 aut
279 1513 403 1598 conari,
425 1515 463 1577 ut
485 1513 659 1597 quidquam
682 1533 721 1576 ex
743 1531 854 1576 eorum
877 1511 983 1596 gloria
1006 1511 1134 1590 deteran,

197 1621 303 1683 neque
330 1601 534 1685 propositum
560 1604 623 1684 est,
653 1621 757 1684 neque
789 1599 840 1664 fas
867 1599 1005 1664 videtur.
1043 1597 1134 1663 Potius

200 1688 364 1772 omnibus,
382 1689 437 1772 qui
452 1687 586 1753 dicendo
605 1688 726 1771 aliquid
743 1691 893 1772 possunt,
916 1709 1047 1753 onmem
1062 1687 1135 1751 indu·

199 1775 312 1840 striam
339 1776 380 1841 ad
403 1797 457 1841 eos
486 1775 693 1840 celebrandos
716 1777 944 1842 conferendam
969 1799 1091 1862 censeo,
1113 1777 1136 1838 et

97 1893 101 1898 ⁸
198 1863 261 1928 hoc
283 1865 391 1950 ipsum
418 1886 552 1945 numero
575 1865 660 1928 inter
682 1866 856 1950 praecipua
877 1866 980 1951 bona,
1011 1863 1135 1952 quaeat

199 1954 323 2020 artibus
349 1955 471 2022 nostris
501 1955 538 2019 In
564 1953 665 2018 vitam
695 1954 864 2019 hominum
889 1958 1040 2040 manant,
1069 1951 1136 2038 quod

200 2063 310 2108 earum
323 2067 384 2129 ope
397 2045 563 2129 praeclara
580 2043 710 2108 illorum
726 2043 873 2108 facinora
886 2043 932 2108 ad·
941 2044 1137 2110 immortalem

166 2139 174 2154 “
199 2133 399 2214 posteritatIs
422 2132 610 2197 memoriam
633 2136 871 2222 consecrantur.
908 2130 972 2197 Sed
996 2128 1138 2198 tamensi

200 2220 272 2301 quis
295 2242 403 2284 secum
425 2221 460 2283 in
484 2220 591 2284 animo
610 2225 751 2306 reputet,
773 2242 854 2304 quae
872 2221 940 2286 vita
960 2222 1005 2286 sis
1019 2219 1137 2286 eiusho-

199 2306 310 2390 minis,
333 2309 401 2391 qui,
421 2307 556 2372 modicis
575 2309 691 2392 opibus
709 2311 899 2393 instructus,
920 2309 957 2374 in
974 2311 1139 2375 Iltterarum

199 2395 306 2460 studio
325 2395 466 2461 moIIIter
483 2418 520 2460 ac
538 2398 663 2480 placide
687 2402 907 2482 consenescat,
926 2401 1060 2483 atquae
1077 2398 1139 2478 eius,

200 2483 255 2567 qui
269 2485 310 2548 ab
325 2484 542 2549 adolescentia
556 2487 652 2551 armis
666 2486 843 2552 tractandis
857 2489 1015 2572 assuetus,
1029 2485 1139 2552 subdio

200 2573 327 2656 saepius
352 2595 449 2657 quam
467 2574 646 2660 subtecto,
669 2576 728 2640 sub
751 2575 888 2659 pellibus
907 2577 1036 2660 saepius
1059 2595 1141 2660 quam

199 2661 287 2726 domi
321 2683 469 2728 somnum
502 2665 621 2748 capiat,
657 2663 711 2728 vix
742 2663 875 2729 dubium
905 2664 976 2730 fore
1009 2665 1142 2744 arbitror,

198 2753 273 2816 utra
295 2751 409 2818 melior
431 2756 464 2818 et
485 2753 590 2837 magis
608 2751 787 2837 expetenda
809 2753 860 2818 sit.
896 2752 1041 2820 Alterius
1063 2773 1143 2819 aures

198 2839 351 2906 tubarum
374 2845 406 2906 et
427 2841 582 2906 lituorum
605 2845 638 2906 et
656 2863 813 2908 cornuum
836 2843 1001 2928 clangore,
1024 2843 1143 2908 alterius

197 2928 366 2996 Musarum
388 2933 546 2996 concentu
565 2933 598 2994 et
615 2929 778 3014 Apollinis
795 2930 912 2996 fidibus
935 2931 1068 2996 adsidue
1084 2950 1145 3014 per-

198 3024 326 3086 sonant.
358 3019 450 3086 Illius
474 3019 558 3086 oculi
581 3019 677 3084 caede
696 3023 729 3084 et
751 3020 908 3104 sanguine
930 3023 964 3084 et
990 3018 1145 3100 incendiis,

197 3107 294 3172 huius
309 3109 545 3175 admirabilium
557 3111 693 3174 naturae
708 3130 840 3192 operum
858 3107 1012 3192 adspectu
1030 3114 1063 3173 et
1080 3128 1146 3172 con·

198 3196 409 3278 templati0ne
432 3201 617 3282 pascuntur.
649 3197 707 3262 Ille
727 3200 783 3262 aut
800 3197 836 3260 in
853 3197 924 3280 ipso
944 3199 1059 3262 aetatis
1076 3198 1147 3261 flore

197 3281 310 3350 hostili
324 3284 432 3368 gladio
447 3287 738 3370 transverberatur,
758 3289 815 3350 aut
833 3305 964 3350 mancos
984 3306 1021 3349 ao
1034 3285 1147 3350 debiles

198 3373 289 3436 artus
312 3375 345 3436 et
367 3373 529 3457 insignem
552 3373 752 3439 cicatricibus
778 3375 904 3440 uultum
929 3373 1072 3438 referens
1099 3373 1147 3435 do-

197 3483 287 3526 mum
313 3461 410 3542 redit,
440 3461 494 3525 hic
521 3464 558 3524 ut
585 3461 707 3546 animo,
737 3463 784 3528 ita
811 3467 844 3527 et
870 3485 1003 3547 corpore
1028 3463 1148 3545 integer

196 3550 337 3634 vultum,
368 3549 432 3612 nisi
459 3551 616 3632 quantum
642 3569 743 3634 rugae
775 3552 910 3636 canique
937 3549 1149 3618 venerationis
