2326 3942
350 171 620 256 nrrsnorrx‘ur.
917 202 960 265 25

41 343 201 426 profitearis?
225 343 319 419 Quod
334 344 462 428 quidem
481 365 541 430 ego
565 348 610 427 ut,
628 345 704 429 quia
718 367 839 410 summe
859 347 962 430 cupio,

39 433 106 495 facile
132 432 206 497 mibi
233 433 413 517 persuadeo
446 455 519 498 vere
547 455 567 497 a
592 437 625 498 te
653 437 748 518 atque
781 456 820 498 ex
853 435 961 500 animo

40 521 129 584 dietum
149 542 231 584 esse:
255 521 304 584 ita
327 541 466 606 eaussas,
482 521 598 606 quibus
619 525 653 586 te
668 522 708 585 ad
730 523 827 587 istam
849 524 962 588 volun-

38 611 111 672 tatem
131 630 203 694 erga
225 629 278 673 me
303 609 538 694 suscipiendam
552 610 725 674 adductum
748 632 817 676 esse
841 612 962 696 scribis,

38 719 84 760 uon
106 717 248 782 agnosco.
295 697 400 762 Immo
428 719 504 763 vero
536 699 692 763 maiorem
718 699 753 763 in
784 699 916 764 modurn
944 723 964 764 a

38 790 144 870 tapeto,
165 790 202 850 ut
225 787 262 871 si,
285 807 359 852 oum
372 807 424 850 me
441 809 479 851 ao
491 809 565 852 mea
578 788 764 872 diligentius
786 788 963 872 inspexeris

38 877 59 935 et
78 875 254 960 excusseris,
281 876 530 960 animadvertes,
558 898 625 941 non
654 899 723 940 esse
749 876 785 940 in
811 897 862 940 me
893 897 963 940 eam

38 963 219 1028 emditionem
242 985 377 1048 eamque
393 961 620 1049 eloquentiam,
642 987 739 1049 quam
756 969 793 1029 tu
815 965 963 1030 fortassis

37 1052 176 1134 aliquando
202 1052 376 1137 credidisti,
398 1055 484 1118 nolis
506 1076 558 1118 me
571 1055 659 1118 luere
674 1075 711 1118 ao
735 1053 867 1118 sufferre
889 1076 964 1138 poe·

38 1161 77 1202 uas
99 1143 210 1206 erroris
242 1142 306 1206 tui:
333 1163 428 1226 neve,
456 1144 548 1226 quasi
575 1143 728 1207 vitiosum
759 1142 880 1228 aliquid
908 1146 966 1206 aut

36 1229 191 1294 morbosum
205 1251 265 1314 pro
290 1251 370 1295 sano
386 1232 509 1314 emeris,
533 1253 572 1294 ex
586 1231 728 1296 aedilitio
743 1231 846 1295 edicto
870 1252 965 1316 agere

37 1316 63 1378 ad
83 1317 310 1383 redhibendum
336 1319 425 1384 velis.
472 1318 506 1384 Si
534 1342 584 1384 me
612 1320 660 1384 ita
686 1319 824 1404 amabis,
850 1323 888 1383 ut
908 1320 966 1384 ho-

35 1405 127 1470 minem
154 1412 188 1473 et
215 1407 363 1472 honestis
397 1407 511 1472 studiis
540 1408 684 1472 deditum
716 1411 749 1471 et
779 1408 967 1492 ingenuum,

37 1497 166 1580 apertum,
190 1491 385 1580 simplicem,
411 1501 548 1581 rectum,
575 1497 706 1560 minime
728 1497 887 1580 fucatum,
909 1497 967 1560 mi-

36 1581 96 1646 nime
115 1587 248 1668 tectum,
269 1585 419 1670 inprimis
442 1581 637 1668 φιλόφιλον·
659 1585 832 1670 praestabo
854 1585 915 1650 tibi
929 1607 968 1649 ea

36 1673 117 1736 omnia
139 1675 316 1758 cumulate,
339 1695 443 1757 neque
466 1696 611 1758 unquam
633 1675 669 1738 in
692 1673 848 1739 eiusmodi
870 1674 966 1738 rebus

34 1757 120 1824 fallam
141 1763 331 1846 opinionem
353 1766 453 1827 tuam.
480 1761 530 1827 Eo
552 1766 587 1826 tu
613 1763 640 1827 si
658 1767 824 1846 praeterea
847 1762 968 1846 aliquid

35 1847 177 1936 addideris,
200 1855 239 1916 ut
252 1853 429 1916 multarum
442 1871 550 1915 rerum
564 1851 740 1934 seientiam,
762 1855 800 1914 ut
818 1852 967 1935 eloquen-

36 1935 99 2022 tiam,
120 1942 156 2003 ut
179 1944 289 2004 cetera
302 1940 335 2004 id
355 1959 471 2024 genus:
494 1940 572 2024 ipse,
586 1941 747 2023 quomodo
762 1939 823 2003 tibi
846 1960 968 2023 caveas,

34 2025 139 2110 lideris3
171 2049 235 2114 ego
265 2050 303 2092 ea
330 2049 434 2112 nequa
466 2029 621 2111 polliceor
651 2050 757 2112 neque
788 2027 968 2112 praestabo.

34 2109 77 2176 His
95 2116 221 2202 legibus
243 2117 463 2180 initammihi
486 2139 555 2181 esse
575 2112 681 2181 teeu'm
705 2121 738 2180 et
760 2117 969 2181 constitutam

34 2203 185 2269 amicitiam
207 2207 298 2289 volo,
321 2225 402 2290 quas
426 2227 445 2268 a
466 2208 500 2269 te
524 2227 650 2290 quoque
672 2227 741 2271 non
764 2208 895 2291 gravate
918 2225 969 2268 ao-

35 2295 138 2372 mptum
164 2294 207 2358 iri
239 2297 329 2378 puto.
374 2292 482 2377 Atque
510 2294 657 2378 equidem
689 2317 762 2358 oum
792 2293 902 2358 multis
931 2292 969 2356 de

34 2383 131 2446 caussis
159 2387 260 2447 antea
287 2384 463 2448 amaverim
490 2381 675 2448 Gisbertum
699 2383 837 2466 Oddum,
865 2381 969 2445 adole-

35 2473 153 2535 scentem
177 2473 338 2556 optimum
362 2475 394 2536 et
416 2471 513 2556 pleno
533 2473 636 2556 gradu
658 2473 705 2535 ita
726 2470 913 2534 tendentem
935 2470 970 2532 in

33 2575 59 2617 ea
76 2560 193 2644 studia,
222 2560 339 2644 quibus
366 2581 427 2625 nos
450 2561 660 2643 delectamur,
687 2561 737 2644 ut,
761 2558 846 2642 quod
870 2558 970 2622 serius

34 2641 141 2712 ineam
163 2650 253 2713 viam
275 2650 440 2734 ingressus
456 2652 513 2732 est,
537 2648 724 2713 assiduitate
748 2651 781 2711 et
803 2647 971 2732 diligentia

33 2741 281 2818 compensaturus
309 2759 379 2801 esse
405 2737 565 2800 videatur:
596 2737 722 2801 habebo
754 2735 890 2819 posthae
921 2755 971 2798 oa·

33 2821 129 2888 morem
151 2827 252 2890 etiam
274 2825 338 2890 hoo
359 2826 500 2910 nomine,
523 2825 609 2909 quod
631 2826 659 2891 is
683 2825 871 2890 conciliator
893 2845 970 2906 qua·

32 2908 104 2994 sique
129 2909 336 2999 προξενητὴς
361 2914 457 2978 huius
484 2917 614 2980 nostrae
638 2913 873 2978 coniunctionis
899 2911 971 2976 fuit.

32 2993 134 3084 llagna
157 3024 238 3066 sane
253 3025 327 3066 oum
349 3003 515 3086 voluptate
534 3005 644 3087 repeto
667 3001 822 3066 memoria
843 3004 971 3084 tempus

32 3083 102 3173 illud,
125 3092 294 3176 cumipse
316 3113 442 3155 meeum
465 3092 504 3155 de
527 3091 674 3156 doctrina
695 3093 753 3154 tua
775 3089 877 3173 deque
901 3111 971 3154 sua-

31 3175 152 3243 vissimis
195 3181 341 3244 moribus
382 3183 415 3243 et
455 3179 643 3243 ereberrime
680 3182 713 3242 et
753 3178 972 3242 amantissime

32 3259 215 3348 loquebatur.
242 3267 393 3332 Addebat
413 3267 510 3332 etiam
532 3269 690 3332 nonnulla
703 3267 742 3331 de
765 3267 871 3332 studio
895 3289 973 3350 quo-

31 3350 90 3416 dam
111 3359 144 3420 et
169 3379 278 3421 amore
301 3357 365 3420 mei
386 3359 458 3440 tuo,
485 3377 580 3440 quem
609 3357 669 3420 sibi
697 3378 736 3420 ex
761 3357 826 3420 tuis
855 3377 973 3420 sermo·

31 3440 110 3506 nibus
138 3445 399 3530 cognitissimum
426 3466 496 3509 esse
524 3445 658 3508 dicebat.
703 3443 776 3530 Ego
804 3447 911 3507 autem
941 3445 974 3504 et

29 3531 189 3596 audiebam
220 3555 259 3598 ea
290 3533 441 3618 libenter,
468 3537 501 3598 et
528 3534 557 3598 ei
588 3533 684 3597 fidem
715 3533 875 3596 habebam
906 3551 975 3593 non
