2330 3944
208 205 272 272 150
572 202 708 259 ORATIO
728 202 788 257 XV.

199 373 309 438 pauca
334 350 415 416 mihi
441 349 598 435 quaedam
625 348 665 412 de
692 369 730 413 eo
758 346 893 412 dicenda
920 349 1007 430 sunt,
1030 366 1090 412 non
1106 352 1133 411 ut

201 463 280 506 eum
301 440 441 524 laudem3
464 460 541 503 nam
563 459 636 502 curn
658 437 727 522 ipse
751 458 784 500 se
808 435 887 501 satis
905 436 1021 501 tacitus
1039 435 1134 518 laudet,

202 551 267 615 ego
301 550 427 614 quoque
459 526 693 612 praestantiam
727 525 830 609 ipsius
861 524 978 590 tacitus
1010 523 1134 588 admirari

200 619 306 702 malo,
333 639 430 701 quarn
458 621 491 681 et
516 615 692 680 infantiam
712 635 817 679 meam
839 613 976 698 prodere
997 617 1029 678 et
1047 613 1134 677 landes

205 707 308 791 ipsius
339 705 464 791 ingenii
491 706 586 788 culpa
617 704 772 786 deterer03
805 703 861 767 sed
892 705 930 767 ut
960 703 1001 768 iis
1029 721 1134 786 respon-

206 795 314 880 deam,
336 795 392 878 qui
415 798 449 859 et
468 793 616 858 Tacitum
638 793 724 856 tanti
746 813 766 856 a
787 813 839 856 me
862 791 945 875 fieri,
967 795 1000 856 et
1021 811 1067 855 me
1085 794 1136 854 tan

200 885 275 968 diu,
306 887 399 950 tanto
432 882 552 966 studio,
583 884 621 946 nt
646 881 727 945 mihi
753 880 976 964 eius‘publice
1007 881 1135 962 interpre-

203 973 298 1038 tandi
318 974 463 1056 potestas
485 971 590 1054 fieret,
617 970 798 1054 postulasse
825 969 993 1034 mirantur.
1027 967 1136 1032 Hodier-

115 1065 118 1078 '
205 1082 284 1125 narn
311 1065 418 1124 autem
446 1059 626 1124 orationem
651 1079 758 1122 meam
783 1057 831 1122 illi
857 1058 935 1142 ipsi,
967 1055 1023 1141 qui
1047 1055 1136 1120 Tacito

207 1149 404 1232 obtrectant,
426 1149 606 1212 breviorem
626 1146 844 1212 reddiderunt.
878 1143 911 1210 N
913 1167 965 1210 am
987 1146 1015 1210 si
1032 1143 1137 1208 Tacitus

206 1237 286 1302 mihi
308 1235 489 1302 laudandus
511 1236 640 1320 fuisset,
662 1255 792 1300 neeesse
814 1235 1002 1300 habuissem
1022 1233 1138 1316 undique

207 1326 395 1410 conquirere
418 1347 456 1390 ac
478 1325 642 1410 colligere,
669 1343 877 1408 quaeeunque
905 1325 1031 1388 veteres
1050 1343 1069 1386 a
1087 1341 1138 1404 per·

206 1414 292 1481 fecto
328 1415 483 1480 historiae
519 1414 673 1498 scriptore
705 1411 863 1498 exigenda
894 1432 964 1477 esse
1002 1409 1139 1490 dixissent,

207 1525 245 1570 ac
271 1505 407 1588 prolatis
435 1503 588 1587 exemplis
612 1501 797 1586 ostendere,
822 1521 861 1566 ea
883 1500 994 1567 omnia
1017 1499 1139 1564 Tacitum

207 1593 458 1657 cumulatissime
481 1591 692 1676 praestitisse:
715 1589 802 1674 quod
824 1589 886 1657 etsi
908 1589 1069 1654 verissime
1089 1585 1139 1651 fieri

206 1684 348 1763 poterat,
388 1684 520 1764 propter
560 1681 664 1763 ipsam
703 1683 815 1744 tamen
854 1677 1089 1744 multitudinem
1118 1679 1140 1737 ct

206 1768 397 1832 varietatem
424 1767 560 1832 arduum
585 1788 625 1831 ac
653 1766 782 1831 difficile
813 1767 937 1832 luisset.
978 1765 1073 1832 Nunc
1095 1763 1140 1828 Te·

201 1855 263 1921 ¹citi
290 1855 420 1942 quidem
446 1856 582 1921 virtutes
609 1855 723 1920 melius
747 1855 1008 1921 accommodius
1034 1855 1140 1936 inpro-

208 1965 322 2031 gressu
349 1945 455 2030 operis
483 1945 627 2030 singulas
654 1944 855 2008 notabimus:
880 1943 976 2008 hodie
1000 1943 1063 2008 nisi
1082 1947 1141 2006 ten-

207 2035 295 2118 poris
327 2035 533 2100 excludamur
565 2033 739 2118 angustiis,
770 2053 874 2118 pauca
904 2035 1036 2098 tantum
1067 2049 1142 2114 quae·

207 2123 282 2188 dam
300 2124 511 2210 refutabimus
530 2145 567 2186 ac
584 2123 781 2206 refellemus,
799 2121 934 2206 quaein
952 2139 1029 2186 eum
1045 2123 1142 2184 temere

201 2212 249 2277 tab
272 2213 430 2294 imperitis
454 2211 569 2275 couiici
593 2212 707 2276 solent.

274 2297 427 2382 Inprimis
450 2302 559 2362 autem
581 2299 661 2364 illud
683 2299 826 2384 positum
849 2299 905 2384 sit,
932 2318 1016 2383 quae
1039 2305 1144 2363 summa

202 2386 417 2452 scribentium
438 2387 509 2452 laus
532 2390 594 2470 est,
620 2409 692 2452 eam
715 2387 827 2453 Tacito
856 2389 897 2452 ab
924 2386 1074 2454 omnibus
1095 2403 1144 2449 unc

208 2497 263 2540 ore
282 2475 394 2539 tribui:
411 2476 537 2540 nullum
555 2498 699 2560 unquam
717 2477 906 2561 scriptorem
923 2476 1145 2560 prudentiorem

207 2584 246 2628 ac
269 2563 551 2630 consideratiorem
573 2565 687 2649 fuissc;
714 2566 832 2630 siccam
859 2587 897 2630 ac
926 2563 1068 2630 sobriam
1093 2579 1147 2626 esse

206 2652 293 2718 illius
317 2653 508 2738 oraticnem,
531 2653 717 2718 adstrictam
739 2655 859 2738 verbis,
882 2654 1015 2719 densam
1038 2655 1147 2716 sentcn-

207 2741 275 2826 tiis3
297 2741 379 2808 nihil
400 2742 436 2806 in
459 2764 497 2806 ea
519 2743 627 2808 notari
648 2764 743 2826 posse
767 2741 930 2826 diffluens,
953 2741 1036 2806 nihil
1057 2741 1142 2804 inane

206 2829 298 2895 nihil
311 2830 508 2914 redundans3
531 2831 667 2915 singulis
690 2851 785 2916 saepe
803 2831 909 2896 verbis
928 2829 1074 2915 singulas
1092 2847 1140 2891 sen

203 2919 327 2986 -tentias
354 2919 520 2986 contineri
557 2918 678 3003 Magna
704 2920 775 2983 laus
802 2923 836 2982 et
858 2940 939 3002 quae
967 2919 1012 2988 in
1025 2937 1088 3002 quo
1110 2913 1145 2978 sit

204 3009 301 3084 facile
324 3009 354 3074 ei
377 3009 456 3074 alias
480 3007 591 3072 deesse
612 3007 754 3090 patiaris.
781 3006 867 3072 Nam
889 3011 927 3072 ut
948 3007 984 3071 in
1005 3007 1059 3090 iis,
1082 3023 1147 3088 qua

203 3098 425 3181 'possidentum
448 3113 486 3161 ea
504 3095 635 3179 plurimi
652 3095 749 3179 fiunt,
772 3117 909 3180 quorum
928 3096 1046 3180 exigua
1062 3091 1148 3157 mole

206 3189 270 3266 est,
293 3187 432 3267 pretium
454 3185 585 3270 ingens,
607 3187 645 3248 ut
668 3206 797 3268 aurum,
819 3189 856 3250 ut
879 3203 1040 3269 gemmam
1070 3179 1146 3245 ut·

203 3271 287 3334 cibis
322 3271 364 3338 ii.
381 3273 519 3338 mamma
555 3273 743 3357 laudantur,
779 3275 834 3357 qui
865 3273 1035 3337 minimum
1068 3265 1143 3333 detri

201 3360 389 3424 ⁴mentorum
428 3361 564 3444 habent,
600 3362 774 3445 plurimum
815 3361 915 3426 succi:
950 3361 997 3425 ita
1031 3357 1145 3423 maxim

206 3445 355 3511 facienda
377 3448 494 3530 oratio,
522 3469 603 3532 quae
625 3450 828 3534 paucissimis
855 3449 961 3515 verbis
988 3448 1148 3534 plurimun

203 3534 386 3618 sententiae
409 3535 621 3619 amplectitur.
652 3537 780 3602 Iudicat
797 3539 896 3622 enim,
920 3559 953 3603 se
971 3537 1005 3602 iu
1022 3539 1144 3621 pector
