2368 3956
217 186 281 251 154
585 184 670 239 VAR.
688 183 791 240 LECT.

215 333 301 398 ritae
328 330 544 398 mundissimo
580 351 619 394 ac
647 329 830 395 castissimo
863 328 1017 394 orationis
1051 349 1144 415 genere

215 421 424 507 explicantur.
475 419 561 484 Eum
587 439 692 504 nuper
714 439 788 483 cum
815 417 916 483 animi
942 438 1053 483 caussa
1080 419 1145 482 evol·

215 531 375 594 veremur,
397 509 432 573 in
445 509 517 592 ipsa
531 507 641 573 statim
663 506 865 592 praefatione
889 506 1038 591 quiddam
1059 506 1146 590 depre-

214 599 400 682 hendimus,
428 597 513 682 quod
541 617 618 662 sane
645 596 754 674 mirati
781 616 900 662 sumus.
951 593 1058 680 Negat
1081 596 1147 659 enin

215 686 356 766 Cimoni,
388 708 514 752 summo
545 684 795 752 Atheniensium
826 685 909 762 viro,
939 688 1035 768 turpe
1063 683 1148 764 luisse,

215 797 358 842 sororem
386 795 574 861 germanam
602 774 722 840 habere
744 774 781 838 in
807 773 1028 852 matrimonio,
1054 773 1149 858 quippe

215 886 289 930 cum
311 865 396 930 cives
418 864 485 930 eius
509 864 621 929 eodem
634 865 802 928 uterentur
815 863 975 929 instituto.
1010 859 1149 946 Egorero

215 953 254 1018 de
284 951 391 1018 Persis
419 956 452 1017 et
479 952 550 1018 aliis
583 951 777 1037 quibusdam
807 951 955 1018 barbaris
987 951 1149 1016 nationibus

215 1063 310 1127 saepe
334 1041 367 1106 id
390 1043 545 1126 legeram:
568 1041 607 1106 de
629 1039 886 1106 Atheniensibus
908 1039 992 1104 nihil
1014 1041 1084 1124 tale,
1103 1041 1151 1104 nisi

215 1130 256 1194 ab
279 1150 332 1214 eo,
354 1131 564 1194 memineram
586 1129 751 1214 proditum
774 1151 852 1195 esse.
893 1128 1010 1214 Itaque
1031 1150 1098 1194 cum
1117 1133 1151 1192 at·

214 1219 335 1284 tentius
359 1219 397 1283 de
421 1239 459 1284 eo
483 1218 625 1303 cogitare
648 1219 826 1302 coepissem
848 1218 1005 1303 quasique
1028 1222 1151 1282 excutere

214 1307 404 1373 memoriam
426 1327 544 1390 meam,
566 1307 752 1372 recordatus
767 1329 838 1373 sum
861 1307 925 1372 loci
948 1306 1106 1371 cuiusdam
1124 1328 1152 1370 er

215 1397 378 1482 oratione,
401 1418 498 1482 quarn
512 1396 756 1481 antiquissimus
779 1399 812 1460 et
823 1395 1048 1462 nobilissimus
1066 1399 1152 1461 orator

214 1484 398 1552 Andocides
422 1485 574 1550 adversus
597 1483 798 1550 Alcibiadem
821 1485 945 1569 habuit,
970 1485 1026 1568 qui
1048 1505 1084 1549 er
1103 1485 1152 1548 dia·

214 1577 327 1654 metro,
350 1578 387 1640 ut
409 1575 514 1658 aiunt,
537 1595 610 1638 cum
633 1595 685 1652 eo,
709 1574 795 1658 qnod
818 1573 858 1638 ab
883 1571 1026 1638 Aemilio
1050 1573 1152 1655 dicitnr,

213 1667 348 1748 pugnat.
389 1661 539 1728 Ostendit
561 1662 649 1728 enim
678 1683 749 1727 eam
771 1663 876 1746 ipsam
898 1661 1001 1727 fuisse
1021 1683 1152 1744 caussam,

214 1771 271 1814 cur
294 1749 411 1818 Cimon
437 1752 473 1816 in
500 1751 629 1816 exilium
656 1751 774 1816 missus
803 1751 846 1816 sit
875 1753 1036 1837 tanquam
1065 1751 1152 1838 legun

215 1842 426 1926 contemptor.
470 1839 584 1924 Neque
608 1840 780 1925 quicquam
798 1840 827 1904 ei
849 1839 1021 1926 profuisse,
1044 1841 1152 1926 quodet

214 1928 283 2012 ipse
306 1927 456 2014 Olympia
476 1929 606 1995 vicisset
628 1932 661 1994 et
682 1933 783 2013 pater.
827 1927 964 1994 Veteres
988 1930 1074 1994 enim
1097 1930 1152 1994 illos

213 2039 281 2082 non
304 2019 515 2084 certaminum
537 2020 594 2082 aut
616 2017 838 2102 victoriarum,
861 2016 916 2082 sed
938 2018 1051 2104 legum
1073 2023 1102 2083 et
1120 2020 1153 2082 in-

215 2107 401 2172 stitutorum
423 2107 459 2172 in
481 2105 652 2172 iudicando
674 2107 825 2172 habuisse
847 2106 1020 2172 rationem.
1064 2107 1152 2172 Ande

215 2195 293 2260 cidis
316 2197 414 2262 verba
445 2197 473 2261 si
496 2195 567 2282 quis
589 2195 737 2281 requirit,
763 2196 844 2262 haec
867 2193 991 2282 sunt¹):
1014 2190 1154 2280 Ἀναμνή-

215 2289 318 2366 σθητε
346 2281 383 2348 di
410 2283 466 2349 καὶ
488 2278 567 2360 τοὺς
588 2279 790 2369 προγόνους,
813 2277 858 2360 ὥς
884 2277 1012 2366 ἀγαθοὶ
1034 2283 1087 2350 καὶ
1108 2281 1153 2348 σά·

214 2394 339 2454 φρονες
373 2361 475 2457 ἦσαν,
507 2373 629 2449 οἵτινες
664 2369 907 2458 ἐξωστράκισαν
939 2375 1085 2458 Κίμωνα
1112 2367 1153 2438 διὰ

214 2464 435 2546 παρανομίαν,
466 2456 518 2526 ὅτι
548 2461 588 2546 τῇ
616 2455 748 2546 ‘terrac
775 2462 816 2548 τῇ
848 2458 970 2528 ἑαυτοῦ
1002 2459 1154 2528 caadursa

215 2550 336 2615 Καίτοι
359 2543 401 2614 οὐ
420 2545 530 2658 μόνον
544 2545 646 2626 αὐτὸς
664 2528 916 2636 Ὀλάμπιονίκης
935 2539 989 2634 ἦν,
1012 2529 1095 2619 derb
1113 2549 1155 2616 καὶ

216 2631 234 2703 ὁ
257 2634 364 2724 πατὴρ
388 2639 492 2704 αυτοῦ
514 2635 711 2724 Μιλτιάδης.
751 2633 824 2705 ἀλλ’
849 2634 939 2722 ὅμως
965 2635 1069 2707 οὐδὲν
1095 2636 1155 2706 ὑπε-

215 2730 385 2811 λογίζοντο
407 2723 466 2805 τὰς
487 2729 591 2806 νίκας.
636 2722 677 2794 οὐ
699 2723 764 2814 γάρ
785 2726 821 2793 ἐκ
838 2727 906 2793 τῶν
924 2722 1080 2814 ἀγώνων,
1100 2723 1153 2794 dtt'

217 2815 252 2881 ἐκ
273 2815 342 2882 τοῖν
365 2813 633 2902 ἐπιτηδευμάτων
660 2818 795 2903 ἔκρινον
813 2811 927 2883 αὐτόν.
970 2817 1012 2882 In
1033 2818 1154 2905 vulgatis

215 2909 326 2971 tamen
351 2906 442 2972 libris
465 2901 627 2988 Κόνωνα,
653 2927 721 2972 non
743 2908 886 2990 Κίμωνα
907 2906 1060 2992 legimus:
1086 2907 1155 2994 quod

216 2994 368 3060 mendum
386 3017 456 3061 esse
473 2995 677 3060 librariorum
703 2997 796 3081 put03
823 2995 864 3060 ab
891 2995 963 3060 aliis
990 2997 1078 3062 enim
1103 3019 1155 3062 orn·

215 3083 311 3149 nibus
335 3083 502 3150 Cimonem
523 3083 632 3150 vocari
653 3084 755 3150 rideo.
790 3082 904 3170 Neque
926 3085 1053 3172 pigebit
1061 3107 1155 3152 ernen-

217 3170 292 3235 dare
313 3173 421 3238 locum
444 3172 636 3259 quendame
658 3172 741 3238 libro
756 3177 846 3240 sexto
860 3172 983 3240 Valerii
994 3171 1156 3258 Maximi²)‚

215 3259 272 3323 ubi
293 3259 333 3324 de
355 3259 417 3325 hoc
443 3262 515 3344 ipso
539 3259 673 3328 Cimone
695 3262 743 3328 ita
765 3263 921 3347 scriptum
944 3267 1006 3330 est:
1035 3262 1157 3334 aman

215 3367 284 3414 vcro
314 3349 503 3415 incunabula
533 3351 676 3434 opinione
710 3351 859 3418 stultitiae
891 3353 1020 3434 fememt
1049 3354 1154 3436 referte¹

289 3540 308 3609 ¹)
328 3540 406 3596 Tem.
424 3539 472 3595 IV.
490 3559 518 3611 p.
539 3547 589 3597 129
607 3543 702 3600 Reiuk.
775 3543 797 3615 ¹)
816 3561 839 3602 c.
860 3551 901 3602 11.
