2328 3956
168 165 212 232 54
512 161 627 220 arrsr.
644 162 702 220 xa.
722 163 792 218 xm.

168 333 239 376 mas
271 310 444 394 dignitates
475 311 700 394 pervenerunt.
743 307 853 394 Atque
882 309 1008 374 etiamsi
1038 309 1120 373 nulla

169 397 326 464 eiusmodi
348 397 491 482 praemia
512 397 629 464 litteris
651 397 820 482 proposita
842 400 966 462 essent:
988 397 1058 480 ipsa
1079 399 1120 462 ta-

127 513 130 520 ⁴
169 507 245 554 men
268 486 413 552 doctmna
442 484 581 552 amanda
603 488 653 551 est
674 506 733 570 per
755 507 803 568 se,
825 506 931 570 neque
955 485 1121 570 quidquam

168 577 205 642 in
230 574 361 642 homine
387 575 529 659 ingenuo
556 574 683 658 turpius
710 577 761 639 est
787 573 992 658 ignoratione
1020 595 1122 640 earum

169 685 286 746 rerum,
309 685 445 748 quarum
468 663 603 729 scientia
626 662 695 728 sina
717 661 836 730 litteris
859 662 1043 746 comparari
1064 684 1122 727 non

169 755 286 836 potest.
331 750 505 835 Voluptas,
532 771 614 836 quae
641 771 682 816 ex
707 751 856 834 turpibus
885 751 1026 835 capitur,
1053 752 1122 815 cele-

171 841 250 906 riter
275 841 406 923 transit,
434 840 576 906 dolorem
604 842 712 906 autem
743 839 779 904 in
807 839 916 904 auimo
944 839 1123 905 diuturnum

169 929 337 1014 relinquit:
374 931 409 993 at
443 928 535 996 labor
569 927 605 994 in
636 928 732 994 rebus
773 927 920 995 honestis
957 929 1123 993 collocatus

171 1017 240 1100 ipse
255 1017 384 1101 quidem
406 1016 532 1102 effugit,
554 1016 744 1083 memoriam
767 1019 877 1084 autem
891 1016 942 1081 rui
964 1016 1000 1080 in
1024 1017 1123 1082 animo

170 1105 325 1189 relinquit
350 1105 479 1188 planam
506 1104 752 1172 honestissimae
775 1107 809 1170 et
835 1104 1051 1170 solidissimas
1077 1127 1123 1169 vc-

171 1193 314 1344 {optatis
358 1191 449 1262 Haec
472 1194 580 1280 cogita
602 1197 635 1260 et
657 1193 736 1260 vale.
762 1191 903 1261 Postrid.
926 1193 972 1259 Id.
995 1193 1057 1259 IuL
1080 1193 1124 1258 Ti-

194 1302 260 1347 ura.
528 1307 533 1317 ·

580 1407 737 1420 ..fian-nn·-

611 1544 678 1611 XL.

502 1663 620 1721 EIDEM
637 1667 796 1724 RIPARIO.

239 1789 312 1855 Etsi
338 1789 420 1855 nihil
451 1793 521 1854 erat
552 1791 639 1876 quod
670 1793 855 1876 scriberem,
891 1813 930 1858 ac
966 1794 1124 1878 praeterea

174 1879 291 1944 mirum
311 1901 364 1944 me
379 1878 539 1966 quoddam
561 1879 723 1946 scribendi
746 1883 856 1948 odium
877 1882 1020 1965 tenebat,
1042 1881 1125 1946 nolui

173 1970 283 2033 tamen
306 1969 513 2034 verberonem
534 1968 622 2032 hunc
643 1990 751 2036 meum
774 1971 844 2036 sine
857 1971 938 2036 meir
962 1970 1003 2035 ad
1025 1973 1058 2036 te
1081 1970 1125 2032 lit-

174 2057 252 2122 teris
279 2057 361 2122 istuc
388 2058 505 2122 venire.
549 2055 634 2122 Amo
662 2060 695 2121 te
723 2059 866 2144 quotidie
900 2059 1020 2146 magis,
1048 2057 1125 2144 quod

175 2167 195 2209 a
216 2149 249 2210 te
275 2146 455 2212 litterarum
483 2144 588 2210 studia
615 2145 727 2214 ecdem
749 2147 845 2212 modo
873 2148 976 2216 amari
998 2147 1125 2214 confido.

175 2231 238 2298 sed
265 2235 359 2299 velim
387 2234 429 2299 ad
454 2255 505 2300 mc
533 2232 705 2318 diligenter
733 2235 868 2320 scribas,
896 2258 959 2321 quo
986 2239 1021 2302 te
1046 2257 1125 2300 nunc

176 2322 330 2404 scriptore
352 2323 502 2408 oblectes,
525 2319 693 2405 Cicerone,
714 2345 757 2392 an
779 2323 945 2408 Terentio,
968 2345 1024 2409 an,
1048 2323 1125 2409 quod

176 2411 298 2496 malim,
326 2416 471 2498 utroque.
516 2409 602 2475 Dare
625 2411 723 2480 etiam
746 2433 878 2497 operam
901 2413 1012 2497 debes,
1039 2413 1125 2476 utin

175 2499 229 2582 iis,
261 2523 341 2585 quae
374 2501 415 2566 ad
446 2523 497 2566 me
534 2499 667 2583 scribes,
696 2499 741 2564 iis
772 2501 926 2588 loquendi
961 2501 1124 2586 generibus

176 2591 279 2672 utare,
312 2611 392 2675 quae
423 2591 459 2654 in
490 2590 619 2654 illorum
656 2589 785 2673 scriptis
817 2589 995 2674 notaveris,
1027 2593 1064 2654 ut
1093 2611 1124 2652 ea

175 2677 246 2761 ipsa
268 2700 318 2744 res
340 2679 436 2742 fidem
454 2678 534 2744 mihi
551 2677 650 2742 faciat
663 2675 848 2762 diligentiae
870 2678 966 2743 ineis
989 2677 1124 2763 legendis

176 2769 257 2834 tuae.
293 2766 383 2835 Vale.
406 2767 533 2834 Tibure.
556 2784 588 2832 v.
601 2765 738 2832 Kalend.
760 2765 898 2855 August.
921 2783 1054 2835 num

587 2960 734 2976 *qv-

612 3064 697 3132 XLI.

509 3188 624 3246 amam
645 3187 804 3247 RIPARIO.

243 3313 347 3381 Nemo
370 3316 420 3380 est
442 3314 595 3398 omnium,
618 3315 774 3398 adquam
796 3312 950 3382 libentius
973 3337 1068 3402 quam
1088 3312 1123 3378 ad

177 3407 210 3468 te
238 3404 382 3470 scribam.
429 3401 507 3467 Sum
539 3402 625 3466 enim
653 3403 762 3466 animo
790 3423 828 3466 ac
858 3403 1027 3470 voluntate
1057 3421 1123 3487 erga

177 3495 209 3556 te
240 3493 336 3577 plane
367 3491 509 3575 paterna.
545 3487 618 3554 'Sed
645 3489 698 3554 vix
725 3490 849 3575 credas,
882 3512 980 3576 quam
1013 3491 1122 3559 simin
