2330 3944
377 243 512 299 ORATIO
531 243 592 300 XII.
915 245 976 310 121

55 387 95 452 sed
111 369 142 451 'et
162 409 269 452 senum
296 389 418 472 primae
447 389 648 454 auctoritatis
675 409 881 474 summaeque
909 411 979 456 eru-

55 476 170 560 ditionis,
192 477 245 560 qui
269 481 301 541 et
323 479 506 561 praesentia
528 499 587 542 sua
601 477 858 544 cohonestabant
871 479 978 564 dispu-

55 565 166 629 tationes
188 587 274 630 meas
298 569 331 630 et
353 568 498 651 exemplo
526 588 585 632 suo
612 567 765 632 iuvenum
788 568 914 633 animos
937 567 979 632 ad

54 654 232 718 honestarum
246 655 365 718 artium
383 655 525 720 studium
543 655 736 720 excitabant.
767 653 880 740 Neque
898 656 979 721 haec

54 741 185 825 gloriandi
207 763 321 808 caussa
343 744 428 828 dico;
450 744 506 808 sed
529 744 615 829 quod
632 763 752 829 magno
780 765 853 810 cum
880 744 979 810 animi

53 831 99 893 nei
121 831 223 896 dolore
251 832 390 917 videam,
422 836 620 916 quantopere
648 854 803 898 conversa
831 854 868 898 ac
896 855 979 898 com·
1055 891 1057 898 .

54 923 151 983 mutata
167 921 209 984 sit
230 941 339 986 rerum
360 921 473 1006 facies,
496 943 569 986 cum
586 922 634 986 ita
651 921 811 985 refrixerit
825 943 863 986 ac
876 922 979 986 relan·

53 1008 134 1091 guerit
156 1009 191 1072 in
216 1009 279 1074 hac
307 1010 437 1094 quidem
462 1010 541 1075 urbe
572 1011 712 1094 impetus
742 1009 912 1076 hominum
939 1009 980 1074 ad

53 1095 110 1160 haec
130 1097 247 1181 studia,
262 1101 319 1182 ut,
341 1099 405 1162 nisi
427 1099 516 1163 Deus
538 1099 722 1163 labentibus
746 1102 779 1162 et
802 1098 842 1163 ad
869 1098 982 1162 interi:

52 1187 102 1248 tum
121 1187 325 1271 vergentibus
346 1187 463 1252 litteris
482 1188 553 1271 opis
576 1187 696 1271 aliquid
715 1187 873 1271 attulerit,
896 1209 981 1252 sum-

53 1294 90 1336 na
107 1276 245 1340 omnium
267 1276 426 1341 bonarum
449 1277 567 1340 artium
593 1276 757 1361 ignoratio
784 1275 876 1344 brevi
901 1279 979 1340 tem·

53 1384 108 1445 pore
136 1368 347 1429 consecutura
382 1364 537 1429 videatur.
583 1363 666 1440 Quid
703 1364 789 1429 enim
826 1367 889 1448 est,
925 1383 983 1427 cur

54 1453 192 1536 quisquam
214 1453 350 1518 meliora
372 1475 513 1538 sperare,
536 1456 593 1517 aut
615 1475 672 1517 cur
693 1474 762 1518 non
789 1452 887 1516 etiam
910 1471 983 1536 gra·

53 1541 118 1604 viora
141 1545 284 1606 metuere
316 1541 453 1606 debeat?
498 1541 685 1627 Negligitur
715 1541 828 1625 lingua
855 1538 985 1624 Latina,

53 1650 111 1710 quae
130 1634 260 1714 patrum
283 1652 320 1694 ac
341 1635 454 1696 nostra
477 1631 574 1696 etiam
592 1630 747 1694 memoria
769 1630 816 1692 ita
838 1627 986 1713 florebat,

53 1721 239 1804 utnusquam
262 1721 494 1804 propemodum
511 1719 659 1784 homines
677 1717 741 1782 nisi
759 1717 881 1783 Romae
900 1717 984 1782 bene

53 1805 140 1871 latine
162 1813 219 1873 aut
247 1809 337 1894 loqui
363 1812 421 1874 aut
448 1809 585 1874 scribere
612 1810 812 1892 putarentur.
853 1803 985 1891 Graeca,

55 1895 118 1959 euius
138 1896 308 1962 discendae
331 1919 445 1962 caussa
466 1898 516 1962 vir
537 1897 732 1980 sempiterna
749 1895 844 1960 laude
863 1895 984 1980 dignis·

55 1983 137 2069 sinus,
158 1985 276 2050 Petrus
293 1985 449 2070 Bembus,
472 2007 544 2050 cum
562 1985 668 2050 adhuc
686 1984 872 2049 adolescens
891 1987 985 2068 esset,

16 2075 18 2080 “
56 2069 229 2139 intieiliam
258 2075 421 2159 profectus
449 2078 511 2160 est,
540 2073 626 2158 quod
648 2073 694 2138 ibi
721 2072 870 2138 meliores
896 2071 984 2135 illius

54 2161 196 2246 magistros
226 2184 297 2228 esse
324 2163 482 2228 audierat:
516 2184 590 2228 eum
617 2161 712 2227 multi
739 2161 804 2225 illis
831 2160 984 2244 tempori-

53 2246 95 2312 bus
124 2253 234 2316 eadem
271 2252 310 2317 de
347 2274 445 2318 eausa
480 2273 581 2337 usque
617 2251 654 2316 in
684 2248 852 2315 Graeciam
888 2249 984 2333 proii-

52 2337 234 2426 ciscerentur3
267 2341 357 2406 cuius
388 2341 423 2406 in
454 2341 516 2406 hac
548 2341 627 2404 urbe
660 2338 899 2405 conservandae
928 2342 985 2404 aut

52 2427 133 2506 potius
159 2429 378 2496 conserendae
405 2431 511 2515 gratia
533 2428 599 2495 Leo
622 2426 663 2494 X.
686 2464 728 2476 -
752 2427 842 2492 cuius
864 2447 986 2492 nomen

51 2516 114 2596 apud
134 2539 248 2584 omnes
274 2519 456 2583 litterarum
482 2522 629 2582 amantes
655 2517 691 2582 in
712 2519 869 2601 perpetua
890 2536 986 2580 vene·

51 2604 149 2670 ratione
172 2627 245 2672 esse
268 2607 376 2692 debet,
398 2643 440 2654 -
464 2629 503 2671 ex
524 2607 639 2671 ultima
662 2603 796 2670 Graecia
818 2604 987 2670 accersivit

52 2688 96 2756 huo
118 2694 265 2760 homines
294 2695 526 2762 eruditissimos
549 2698 582 2760 et
603 2695 721 2760 lectam
743 2693 986 2778 ingeniosorum

52 2779 268 2849 adolescentum
308 2807 453 2849 manum:
503 2783 638 2867 Graeca,
677 2783 824 2867 inquam,
863 2781 987 2866 lingua,

16 2879 17 2912 ³
52 2870 132 2934 omnis
153 2873 336 2959 elegantiae
359 2875 527 2958 magistra,
551 2872 696 2937 omnium
713 2871 928 2956 ingenuarum
948 2889 986 2932 ac

50 2954 208 3025 liberalium
237 2963 355 3026 artium
382 2983 513 3046 parens,
542 2961 651 3045 altrix,
679 2958 912 3038 conservatrix,
939 2957 986 3020 ita

51 3041 97 3108 iarn
116 3048 197 3114 iacet
217 3071 254 3114 ac
273 3050 394 3134 sordet,
416 3054 467 3134 ut,
490 3049 545 3133 qui
563 3071 635 3114 eam
652 3047 783 3130 docent,
807 3046 867 3110 soli
885 3065 986 3128 prope

16 3145 17 3150 ’
49 3130 73 3194 in
87 3136 198 3202 scholis
217 3139 449 3222 relinquantur.
483 3136 581 3225 stulti
599 3137 832 3219 adolescentes,
850 3131 986 3198 Latinae

16 3243 18 3298 ᾗ
50 3217 156 3307 linguae
193 3227 248 3290 vix
279 3227 391 3311 primis
423 3227 590 3290 elementis
622 3228 785 3308 uteunque
817 3223 988 3308 perceptis,

16 3747 18 3810 l

16 3821 19 3905 i

16 3329 17 3332 ¹
49 3305 148 3378 Graeca
169 3336 213 3378 ne
237 3318 377 3380 salutata
401 3316 529 3399 quidem
548 3317 605 3379 aut
629 3314 739 3378 statim
762 3313 868 3377 valere
891 3312 988 3396 iussa,

50 3397 78 3459 ad
107 3402 389 3487 iurisprudentiam
422 3408 478 3468 aut
515 3403 555 3468 ad
587 3401 737 3467 medendi
774 3403 876 3465 artem
912 3421 986 3483 pro·

49 3493 154 3575 perant,
187 3491 253 3556 illic
285 3496 414 3557 tantum
442 3493 577 3578 gloriae,
595 3491 676 3556 ¹illic
705 3489 890 3554 divitiarum
922 3508 987 3551 cer-

49 3573 185 3644 tissimam
218 3601 307 3665 spem
337 3581 539 3666 propositam
576 3579 770 3643 dictitantes.
817 3575 987 3640 Stultiores
