2330 3944
190 197 234 261 88
553 195 690 252 ORATIO
709 197 782 252 VIII.
802 205 809 220 ·

257 341 284 407 Ο
307 364 463 428 magnum
486 346 519 406 et
542 343 665 407 excelso
689 343 797 408 aninlo
820 345 996 427 praeditum
1020 346 1111 410 rirun!

190 430 284 507 Quod
304 431 374 496 aliis
393 453 495 518 regna
513 435 546 496 et
563 431 698 516 imperia
716 451 784 496 non
802 432 963 516 adferunt,
984 437 1017 497 ut
1031 435 1112 498 soluto

190 542 229 584 ac
250 521 351 585 libero
376 522 483 585 animo
507 520 585 604 sint,
616 519 649 583 id
672 519 734 604 ipsi
757 526 889 604 propter
911 522 1072 586 litterarum
1089 525 1112 585 et

189 608 414 694 philosophiae
438 608 676 692 commercium,
699 609 835 674 choenix
853 610 1029 694 lupinorum
1049 609 1113 673 adfe-

190 697 291 762 rebat.
328 697 420 774 Quod
447 698 475 762 si
501 701 569 762 tam
591 697 694 760 multa
720 702 851 782 tamque
874 700 1031 782 praeclara
1049 699 1114 761 bona

190 785 307 850 litteris
336 808 374 851 ac
401 786 577 870 disciplinis
605 786 826 870 continentur,
855 787 882 850 si
909 787 984 872 ipsis
1004 787 1114 852 nomini-

190 874 252 939 bus
276 896 313 940 ac
336 876 501 940 vocabulis
523 877 643 938 testata
665 879 715 938 est
737 879 882 939 vetustas
906 897 1010 940 earum
1031 875 1115 959 cogni·
1140 891 1141 960 u

190 963 314 1028 tionem
354 969 387 1028 ct
426 963 612 1027 hominibus
648 966 681 1026 et
720 963 829 1028 liberis
867 967 961 1048 atquc
994 963 1115 1048 ingenuis

172 1050 376 1116 'hominibus
399 1051 622 1136 dignissimam
645 1073 727 1136 esse,
755 1053 782 1116 si
805 1056 839 1116 et
861 1053 979 1138 ignaua
998 1053 1057 1116 vita
1074 1051 1115 1113 ho·

190 1139 278 1202 mine
305 1139 441 1225 indigna
464 1143 512 1204 est
535 1145 568 1204 et
590 1141 679 1205 nullo
702 1141 738 1204 in
761 1141 868 1206 studio
897 1141 1018 1225 melius,
1043 1160 1115 1223 quan

191 1227 229 1290 In
250 1227 381 1312 litteris,
402 1229 561 1292 industria
583 1229 733 1298 collocari
755 1233 878 1313 potest,
902 1229 928 1294 si
951 1229 989 1293 ad
1007 1250 1072 1312 opes
1090 1247 1116 1289 ac

190 1316 384 1402 potentiam,
413 1318 439 1382 si
463 1317 503 1382 ad
530 1317 671 1383 honores
695 1339 732 1382 ac
755 1318 931 1404 dignitates
953 1319 1002 1382 via
1023 1315 1116 1400 optino

190 1405 307 1470 litteris
331 1407 497 1490 sternitur,
520 1407 547 1472 si
570 1407 689 1471 eisdem
707 1410 740 1471 et
758 1407 859 1470 animi
881 1407 1081 1490 tranquillitas
1095 1407 1117 1466 et

191 1495 333 1559 nominis
366 1496 540 1561 aeternitas
572 1499 788 1579 comparatur:
821 1496 899 1579 quid
933 1495 1032 1580 statis,
1062 1492 1142 1556 ado-u

191 1583 362 1669 lescentcs,
385 1589 520 1649 auteur
543 1585 685 1649 oblatam
707 1585 799 1649 vobis
823 1585 910 1650 tanti
937 1584 1011 1650 boni
1032 1601 1117 1647 conse-

193 1673 312 1754 quendi
335 1674 536 1738 occasionem
559 1673 697 1758 effugere
712 1677 808 1758 atque
828 1674 956 1738 evolare
977 1667 1118 1756 patimini?

192 1781 250 1826 cur
276 1783 357 1846 non,
384 1762 455 1826 aliis
483 1761 631 1827 omnibus
658 1762 742 1825 euris
770 1765 804 1826 et
830 1761 1070 1848 cogitationibus
1092 1779 1119 1820 es

192 1850 301 1916 animo
325 1851 457 1916 abiectis
480 1855 575 1934 atque
603 1849 770 1935 abdicatis,
792 1851 828 1914 in
850 1851 937 1916 hanc
958 1871 1050 1916 unam
1067 1849 1120 1910 tutu

192 1943 323 2023 pectore
345 1939 552 2005 incumbitis?
587 1937 664 2004 Non
686 1937 748 2003 hoc
772 1939 921 2024 sedendi,
943 1943 979 2004 ut
1000 1938 1042 2003 sit
1060 1935 1120 1999 Bac·

194 2027 348 2114 chylides‚
382 2051 420 2094 ac
448 2029 620 2094 cunctandi
646 2032 773 2112 tempus
801 2031 859 2092 est
899 2027 974 2094 Non
1000 2026 1120 2091 enimes

193 2118 292 2200 plano
321 2139 357 2182 ac
384 2118 473 2182 facili
496 2119 599 2202 gloria
621 2117 701 2181 haec
723 2116 860 2202 petitur,
882 2139 986 2202 neque
1008 2117 1077 2196 lata,
1094 2114 1143 2208 ut}

194 2205 241 2268 ait
259 2205 446 2289 Propertius
454 2203 500 2290 *),
523 2207 575 2269 via
598 2226 724 2270 numere
745 2205 785 2270 ad
803 2204 916 2272 Musas
940 2206 1037 2271 datur.
1063 2199 1121 2265 Nun

193 2291 316 2356 frustra
350 2315 404 2357 eas
436 2293 560 2376 antiqui
591 2294 627 2356 in
659 2294 759 2360 arduo
791 2298 888 2379 atque
922 2295 1005 2360 edito
1034 2292 1122 2356 moute

192 2380 341 2446 habitare
365 2381 522 2446 dixerunt.
558 2381 717 2447 Laborem
740 2387 773 2448 ct
795 2383 946 2456 sudorem
968 2387 1001 2448 et
1020 2378 1123 2464 vigilias

193 2469 229 2534 in
252 2491 362 2535 earum
385 2471 466 2536 atrio
490 2493 527 2536 ac
549 2472 707 2536 vestibulo
735 2471 891 2537 excubare
919 2472 1019 2538 voluit
1046 2468 1123 2544 Deus,

194 2559 263 2642 qui,
294 2562 332 2624 ut
363 2559 489 2624 dicebat
514 2559 741 2645 Epicharmus,
772 2561 882 2626 labore
911 2561 1017 2626 omnia
1045 2572 1123 2643 prope

193 2647 281 2712 bona
303 2649 488 2714 hominibus
511 2651 638 2714 venalia
660 2649 837 2734 proposuit.
873 2649 946 2736 Ego
970 2653 1079 2730 autem,
1097 2645 1124 2705 ut

193 2737 293 2802 libere
316 2738 482 2803 vobiscum
505 2760 614 2824 agam,
640 2738 732 2802 ualde
755 2759 880 2823 vereor,
907 2761 963 2824 ne,
989 2758 1055 2804 eum
1074 2733 1124 2833 pte·

192 2848 301 2980 Iti?
317 2831 497 2982 θῖθῗὲῗέῗε
511 2829 599 2982 aih,
606 2826 999 2982 ⁰3¹¹Itut¹1¹3tnti
1012 2823 1126 2993 “III

194 3006 311 3091 quibus
333 3006 439 3072 verbis
462 3005 634 3072 Homerica
655 3003 763 3069 Pallas
787 3003 973 3070 Nausicaan
994 3027 1011 3068 e
1033 3016 1126 3066 somno

194 3097 326 3180 excitat,
350 3119 446 3180 quam
470 3117 602 3182 segnem
624 3098 657 3160 et
679 3094 831 3179 ignavam
853 3099 961 3172 vocat,
989 3090 1068 3178 quod
1087 3105 1126 3148 ve·

195 3188 261 3248 stes
284 3186 395 3269 magni
417 3186 527 3269 pretii,
550 3184 611 3250 sibi
629 3186 753 3267 emptas
778 3204 797 3246 a
819 3185 1018 3267 parentibus
1038 3175 1127 3260 negle-

195 3273 262 3338 ctui
288 3272 408 3336 habeat
443 3294 559 3356 easque
586 3273 694 3336 illotas
723 3292 760 3336 ac
793 3272 937 3338 sordidas
963 3273 1061 3338 iacere
1084 3283 1127 3348 pa·

192 3363 308 3446 tiatu13
331 3381 461 3447 surgere
484 3361 584 3446 igitur
606 3382 677 3425 eam
699 3360 802 3448 iubet,
825 3361 994 3428 studeas
1017 3357 1128 3424 abluen-

248 3557 274 3626 ⁴⁸)
292 3556 340 3611 nu.
361 3562 385 3623 1,
405 3559 446 3608 13.
