2368 3956
410 221 531 280 CAPUT
550 221 620 278 LIII.
928 221 991 286 189

42 369 269 452 agnosceretur.
313 365 355 431 In
368 387 406 432 ao
422 370 529 432 autem
543 366 590 432 ita
612 367 708 452 plane
730 366 884 450 seriptum
906 367 992 452 lege-

41 458 140 521 batur:
174 455 263 521 Nam
288 455 448 537 phoenicas
476 456 630 522 cerebrum
661 475 730 521 aum
758 457 801 521 sd
828 455 993 522 admodum

40 545 128 624 duae,
161 549 267 614 maen
296 545 390 612 atam
419 546 529 628 capas
555 545 689 610 domem
714 563 835 626 parere.
884 542 992 610 Homo

40 634 138 720 igitur,
162 633 219 718 qui
242 655 314 701 eam
327 654 425 701 uuam
445 633 486 698 ob
510 654 657 700 caussam
679 633 820 698 uenisset
842 635 938 720 atqua
960 631 993 698 id

40 743 131 786 unum
169 721 276 806 operis
308 721 490 806 habuisset,
526 743 600 789 eum
632 721 731 805 dieto,
760 721 814 786 vix
846 722 993 786 salutatis

40 811 139 894 nobis,
168 813 337 875 caussatus
365 810 427 877 sibi
449 810 560 876 nescio
583 809 661 896 quid
686 810 811 895 negotii
834 831 903 875 essa
931 809 992 874 dis-

41 899 138 964 cessit.
193 898 247 964 Eo
277 897 421 983 digresso
455 899 561 964 visum
595 902 645 963 est
677 899 730 982 iis,
765 897 821 983 qui
852 898 994 982 aderant,

41 988 131 1053 etiam
144 986 306 1072 Xylandri
319 987 620 1072 interpretationem
633 987 798 1070 inspicere.
830 986 864 1052 Is
887 989 994 1052 autem

40 1076 79 1141 ita
100 1077 208 1141 locum
230 1076 322 1140 iiiam
345 1076 539 1140 reddiderat:
563 1075 725 1142 Ceretrum
737 1075 896 1159 phoaaiais
910 1077 995 1140 datae

40 1166 200 1231 admodum
213 1170 269 1243 aet,
290 1166 344 1230 sed
364 1165 482 1230 dolam
494 1163 760 1248 capitisiadaaere
771 1164 879 1246 fertur.
911 1163 994 1229 Tum

41 1274 107 1340 ago,
133 1251 223 1338 Una,
249 1253 395 1338 inquam,
422 1252 544 1320 Gaaaaa
566 1275 629 1319 vox
655 1254 752 1338 paulo
778 1253 994 1338 negligentius

41 1363 197 1427 expressa,
232 1341 352 1426 videte,
384 1345 541 1427 quantum
573 1363 713 1408 errorem
747 1345 780 1406 et
815 1341 917 1406 sodali
947 1341 996 1405 illi

41 1435 160 1514 nostro,
188 1430 244 1515 qui
271 1431 368 1495 modo
395 1431 555 1513 discessit,
583 1434 617 1495 et
643 1429 781 1496 fortasse
804 1429 901 1494 etiam
923 1429 995 1494 aliis

41 1519 197 1584 obiecerit.
255 1517 373 1596 Φοίνιξ
406 1519 493 1584 emim
520 1517 640 1584 Graece
671 1519 780 1602 palma
811 1521 874 1600 est,
906 1517 995 1582 auius
1064 1528 1067 1534 '

41 1608 159 1672 arboris
191 1627 260 1674 non
289 1611 419 1673 tantum
445 1608 568 1674 fruetus
598 1606 666 1672 esui
693 1609 782 1690 sunt,
815 1606 871 1670 sed
898 1606 996 1670 etiam

41 1696 188 1781 medulla,
212 1717 311 1781 quam
333 1701 366 1762 et
388 1695 503 1762 Graeci
525 1691 720 1779 ἐγκέφαλον,
743 1691 897 1759 atLatini
919 1714 995 1760 cere·

41 1781 996 1868 mmmm.fflffiwtmmmffitmm,

41 1895 103 1938 non
125 1873 164 1937 de
183 1873 352 1958 phoenicis
367 1873 608 1940 commenticias
631 1871 699 1936 avis
723 1872 861 1936 cerebro
893 1871 995 1936 Theo·

41 1962 187 2044 phmmtus
214 1962 298 2026 hbro
326 1961 466 2027 seeundo
493 1959 568 2046 περὶ
595 1958 753 2070 amada1),
779 1959 837 2023 ubi
863 1959 903 2024 de
929 1960 996 2043 pal·

42 2073 162 2115 marum
189 2051 361 2135 generibus
389 2050 471 2136 agit:
498 2047 554 2114 καὶ
580 2045 666 2159 γὰρ
678 2045 906 2133 ἐξαιρεθέντος
935 2048 995 2112 τοῦ

42 2135 224 2222 ἐγκεφάλου
247 2139 340 2219 ζῶσι,
362 2137 417 2203 καὶ
430 2136 586 2214 κοπέντες
607 2132 673 2203 ἀπὸ
686 2137 754 2202 τῶν
777 2135 876 2222 ῥιζῶν
894 2156 996 2219 παρα-

42 2223 272 2307 βλαστάνσυσι.
316 2225 488 2313 Plinius²):
516 2227 648 2293 Sesatai
668 2227 798 2292 caedam
814 2225 997 2308 palmarum

41 2336 151 2470 titii
171 2316 512 2470 mastigium
532 2315 708 2482 madi,
731 2314 997 2486 midaii

42 2493 207 2574 appellant.
182 2498 211 2557 t·
234 2497 428 2576 exemptaque
448 2494 567 2577 uiuant,
590 2494 671 2575 qaod
691 2512 754 2557 aaa
767 2493 857 2557 aldae.
884 2491 996 2556 Memi-

42 2581 88 2645 nit
113 2583 145 2645 et
130 2579 310 2646 tGalanus
337 2581 420 2646 libro
443 2585 557 2647 octavo
585 2580 624 2645 de
646 2581 853 2646 facultatibus
876 2581 997 2664 simpli-

43 2670 122 2734 cium
144 2669 463 2752 medicamentorum,
485 2674 519 2734 at
541 2670 604 2734 alii
641 2668 734 2746 Quod
757 2673 865 2732 autem
885 2669 937 2732 hia
952 2669 998 2732 ait

43 2747 883 2842 mmmms‚exmmmmemMmammmt,
912 2755 998 2842 mm

43 2867 133 2930 quem
154 2846 189 2911 id
211 2847 295 2911 relat
280 2849 351 2911 tum
373 2850 423 2912 ast
408 2847 528 2912 tlibro
551 2847 690 2914 seeundo
713 2807 944 2932 Anabaseid).

108 3037 129 3176 :i
147 3045 222 3163 idmst
241 3108 308 3164 Nat.
327 3107 401 3165 XIII.
419 3113 445 3164 4.
464 3114 509 3166 39.

109 3177 317 3250 ῧαᾶςω
