2326 3942
193 221 233 286 18
540 221 720 276 EPISTOLA
737 221 798 276 XV.

191 367 261 432 ficri
292 370 413 451 potest,
445 369 483 430 ut
518 364 730 430 confidentius
766 364 803 428 in
834 385 873 430 eo
904 387 954 432 me
986 365 1128 450 gesserim,

192 477 289 540 quam
312 454 459 536 decebat,
488 473 547 536 per
573 453 664 518 illam
687 456 720 517 et
741 453 813 518 aliis
837 457 870 518 et
896 453 975 520 mihi
1000 454 1128 538 inprimis

191 546 393 628 perspectam
419 541 655 606 humanitatem
687 545 791 625 tuam,
817 543 898 608 mihi
924 546 961 608 ut
990 543 1129 628 ignoscas,

191 633 288 696 etiam
312 635 408 716 atque
423 631 520 695 etiam
535 653 555 694 a
576 633 609 694 te
631 634 717 714 peto.
748 630 858 696 Ausus
877 633 962 696 enim
985 653 1055 698 sum
1067 653 1128 716 quo-

191 721 265 786 dam
292 743 331 784 ex
359 720 404 784 eis
435 719 527 784 libris
559 715 665 804 loco¹)
695 720 864 786 nominare
895 724 941 805 te,
969 743 1007 785 ac
1036 741 1128 786 versus

191 811 289 874 etiam
312 810 436 893 aliquot
456 828 591 893 ponere,
615 808 671 893 qui
696 807 781 873 mihi
799 809 835 874 in
861 810 1017 875 memoria
1037 809 1129 874 haese-

190 903 266 964 rant
293 919 333 963 ex
359 897 487 981 edyllio,
521 896 606 982 quod
634 897 711 960 olim
743 897 784 961 ad
810 901 843 962 te
874 899 949 964 misi
979 921 1045 964 una
1073 921 1129 962 cum

190 987 363 1072 tragoedia,
387 1008 484 1070 quarn
503 986 541 1050 de
556 983 591 1050 (l.
605 983 754 1050 Caesaris
777 987 871 1051 caede
893 987 1014 1052 factam
1034 988 1067 1052 111
1086 991 1129 1051 tuo

189 1075 320 1140 nomine
343 1075 590 1160 divulgaveram.
619 1073 691 1150 Qua
712 1075 795 1139 inre
819 1075 937 1160 siquid
961 1098 981 1140 a
1003 1098 1054 1140 me
1073 1098 1130 1160 pec·

190 1167 299 1228 catum
321 1166 383 1247 est,
411 1162 507 1247 (nihil
531 1163 618 1228 enim
641 1163 815 1229 debueram
837 1167 870 1228 te
893 1165 1075 1230 inconsulto
1094 1165 1129 1228 f-

190 1251 1130 1426 terremtatem?:castorum

190 1451 268 1516 erga
289 1434 322 1495 te
345 1431 423 1496 mei:
446 1451 544 1516 quam
566 1433 604 1495 ut
626 1451 730 1516 aequo
748 1431 857 1496 animo
879 1431 975 1517 feras,
1000 1430 1130 1497 omnibus

189 1541 209 1583 a
235 1524 268 1582 te
295 1521 443 1603 precibus
476 1519 691 1603 atquaomni
723 1520 945 1586 obsecratione
978 1519 1129 1586 contendo.

188 1607 321 1672 Etenim
343 1631 417 1674 vere
439 1608 502 1672 hoc
516 1607 630 1692 dicam,
652 1608 736 1673 nihil
753 1603 880 1674 videtur
902 1630 972 1674 esse
995 1609 1044 1674 ita
1065 1607 1129 1672 diffi-

189 1696 248 1760 cile
281 1701 378 1782 atque
410 1696 559 1780 arduum,
585 1697 621 1760 111
649 1718 712 1781 quo
741 1717 802 1782 ego
828 1701 961 1782 paratus
990 1720 1058 1764 non
1084 1697 1155 1760 sim¹

188 1785 350 1850 voluntati
374 1788 407 1850 et
428 1784 616 1850 auctoritati
637 1788 712 1849 tuae
735 1807 858 1851 morem
881 1807 1001 1872 gerere.
1038 1785 1128 1852 Unum

189 1876 251 1958 est,
277 1874 313 1938 in
336 1896 399 1959 quo
422 1873 497 1958 tibi,
523 1895 564 1938 ne
588 1872 666 1958 quid
689 1873 901 1960 dissimulem,
927 1897 997 1941 non
1020 1895 1129 1960 possem

188 1963 251 2027 nisi
273 1963 487 2028 invitissimus
506 1963 742 2046 obtemperare:
766 1963 794 2028 si
816 1985 868 2028 me
890 1965 1019 2030 iuberes
1041 1969 1130 2028 tacere
1153 2023 1154 2040 ,

189 2051 227 2116 de
254 2053 319 2117 tuis
346 2052 520 2117 virtutibus
548 2053 582 2115 et
608 2052 774 2118 continere
801 2053 838 2117 111
861 2053 935 2117 sinu
962 2052 1130 2118 immortale

188 2140 268 2204 illud
291 2142 454 2226 gaudium,
478 2162 542 2225 quo
557 2140 680 2225 efferor,
703 2141 780 2226 quia
793 2163 844 2206 mc
866 2141 928 2206 tibi
951 2163 1063 2207 carum
1076 2160 1130 2204 esse

189 2229 303 2293 sentio.
348 2227 419 2293 Hac
446 2250 512 2292 una
538 2229 574 2294 in
600 2251 635 2294 re
663 2229 740 2294 dum
766 2251 817 2295 me
847 2230 928 2294 mihi
955 2230 1088 2316 obsequi
1107 2231 1130 2291 et

188 2316 296 2380 animo
327 2317 495 2402 indulgere
526 2317 675 2403 patiaris,
709 2340 772 2403 qno
804 2319 911 2384 minus
943 2319 1035 2384 aliud
1064 2317 1153 2382 11111111

189 2404 346 2490 quidlibet
371 2405 521 2490 imponas
545 2407 665 2491 oneris,
691 2428 759 2473 non
785 2429 908 2474 recuso.
953 2406 1049 2484 Quod
1071 2407 1130 2472 scri·

187 2493 276 2578 bam,
304 2493 391 2558 aliud
422 2495 505 2560 nihil
535 2498 597 2579 est,
624 2495 688 2562 nisi
720 2518 831 2562 omnes
862 2496 916 2562 bic
943 2497 1055 2562 omnia
1082 2493 1129 2558 tibi

187 2581 295 2647 fausta
318 2585 351 2648 et
376 2605 531 2669 prospera
557 2585 682 2668 precari
705 2588 738 2650 et
765 2585 921 2671 gratulari
944 2585 1038 2671 aquis
1065 2584 1152 2674 istis„

186 2671 273 2827 guod
296 2693 351 2736 eas
372 2671 435 2737 tibi
457 2673 601 2738 salubres
625 2677 658 2739 et
683 2673 784 2740 fuisse
807 2678 840 2740 et
862 2695 931 2740 csse
954 2675 1130 2740 audivimus.

219 2761 278 2828 ale.

625 2991 697 3057 XV.

317 3111 491 3170 moranus
509 3110 644 3168 mooao
665 3098 815 3170 cluuuo
833 3113 971 3170 manico
991 3113 1019 3170 1.

251 3233 376 3302 Verum
398 3241 548 3324 estquod
571 3240 699 3305 audisti.
731 3239 941 3324 Trepidatum
962 3241 1015 3306 hic
1029 3241 1076 3306 est
1097 3237 1129 3301 ab
1149 3277 1150 3296 1

187 3324 351 3388 omnibus:
378 3347 483 3410 neque
507 3349 583 3393 sane
610 3329 738 3394 iniuria.
784 3328 863 3404 Quis
886 3330 972 3394 euim
996 3333 1129 3395 constare

187 3412 295 3478 animo
317 3418 440 3497 posset,
464 3435 536 3480 cum
559 3416 685 3482 audiret
706 3418 815 3482 fusum
838 3439 876 3482 ao
902 3419 1048 3504 fugatum
1071 3435 1129 3481 esse

260 3568 279 3635 ¹)
297 3567 363 3622 Var.
381 3568 459 3623 Lect.
478 3569 551 3626 VIII.
572 3578 596 3626 1.
