2328 3956
181 201 245 266 124
553 200 638 256 VAR.
657 199 760 257 Lucu.

179 347 289 430 libros,
315 347 431 431 quibus
455 345 564 410 addita
591 348 669 409 sunt
694 365 767 409 mea
800 345 935 430 scholia,
967 367 1118 430 operarum

180 435 392 521 negligentia,
415 455 466 500 me
490 434 623 499 absente
647 436 744 518 atque
766 433 884 519 inscio,
906 435 1079 520 irrepserat

545 643 689 712 CAPUT
711 645 769 712 IV.
873 676 880 687 =

181 767 385 836 EQUITANDI
393 766 547 825 VERBUM
559 766 659 834 QUOD
672 765 772 823 EURO
783 767 934 823 TRIBUIT
944 768 1121 839 Hormine,

182 857 384 916 EURIPIDEM
403 855 551 923 QUOQUE
574 855 703 914 EODEM
721 855 825 917 MODO
844 855 1025 914 LOCUTUM
1041 857 1120 913 ESSE.

248 987 373 1052 Audaci
400 1005 477 1050 sane
503 983 693 1068 metaphora
718 1006 796 1049 usus
822 984 951 1050 videtur
977 984 1123 1068 Horatius,

183 1097 255 1142 eum
277 1074 366 1139 Euro
389 1077 486 1138 vento
514 1073 681 1158 equitandi
702 1073 837 1190 verbum
863 1074 990 1140 tribuit.
1034 1072 1123 1140 Notus

183 1168 232 1229 est
253 1164 340 1228 enim
361 1163 416 1226 ille
438 1159 655 1247 versiculus¹),

314 1285 378 1352 Per
399 1284 522 1352 Siculas
544 1288 690 1370 equitavit
708 1285 819 1352 radas.

182 1411 296 1498 Neque
318 1433 460 1497 unquam
483 1409 529 1494 id,
551 1413 589 1474 ut
611 1409 739 1494 opinor,
766 1409 835 1474 sine
863 1419 1011 1476 veterum
1037 1431 1124 1476 exen-

182 1503 237 1587 plo
265 1521 362 1566 ausus
389 1504 482 1565 esset.
527 1496 590 1563 Sed
616 1499 819 1583 meminerat,
846 1497 1037 1583 Euripidem
1063 1519 1125 1583 quo-

183 1611 245 1678 que
268 1589 380 1656 eodem
403 1587 499 1654 modo
521 1587 664 1652 locutum
687 1607 756 1656 esse
780 1587 819 1656 de
832 1585 991 1672 Zephyro.
1027 1585 1125 1672 Itaque

182 1679 259 1744 feeit
285 1699 374 1742 more
402 1697 474 1759 suo,
500 1679 537 1740 ut
567 1675 796 1762 persequendis
823 1673 1021 1745 Graecorum
1046 1675 1125 1741 vesti·

183 1768 245 1853 giis
272 1762 309 1830 τὸ
338 1765 396 1848 τῆς
422 1763 539 1843 λέξεως
565 1761 685 1830 καινόν
711 1787 747 1834 τε
772 1761 828 1829 καὶ
852 1761 988 1844 ξενικὸν
1012 1786 1125 1854 quaere·

182 1861 245 1940 ret,
273 1875 369 1942 seque
397 1876 493 1939 quam
520 1853 708 1938 longissime
736 1876 756 1920 a
780 1854 860 1924 trita
886 1856 919 1920 et
944 1855 1072 1940 plebeia
1090 1855 1128 1918 le

184 1944 302 2031 quendi
338 1941 569 2009 consuetudine
605 1941 784 2010 abduceret.
842 1941 914 2020 Quo
935 1945 989 2012 in
1025 1963 1126 2030 genere

183 2035 279 2120 plane
307 2033 480 2119 singularis
508 2031 582 2096 fuit:
610 2052 728 2186 neg-ue,
754 2053 827 2100 meo
855 2031 989 2119 quidem
1015 2032 1126 2114 iudicio,

183 2121 320 2190 Graecas
343 2121 495 2207 loquendi
516 2120 637 2186 formas

184 2234 281 2298 quam
312 2211 364 2276 vel
394 2209 607 2297 frequentius,
643 2209 695 2274 vel
730 2209 892 2292 fidentius,
927 2211 983 2280 rel
1018 2210 1126 2276 felicius

183 2300 329 2366 imitatus
361 2301 419 2364 est.
472 2296 577 2364 Locus
609 2301 716 2366 autem
748 2298 802 2365 ille
832 2296 1017 2382 Euripidis,
1046 2318 1126 2386 quen

184 2389 269 2471 dieo,
290 2388 337 2452 ita
360 2387 496 2472 scriptus
519 2389 569 2455 est
590 2387 626 2452 in
647 2383 881 2474 Phoenissae:

683 2121 843 2190 atinorum
866 2123 1039 2205 poetarum
1056 2121 1125 2206 quis·

228 2506 387 2595 Ζεφύρου
408 2513 528 2587 πνοαῖς
551 2505 771 2588 ἱππεύσαντος
793 2509 832 2577 ἐν
854 2505 1001 2602 οὐρανῷ.

562 2721 707 2790 CAPUT
728 2723 769 2790 V.

206 2845 332 2902 DURAE
351 2843 634 2901 COMPOSITIONIS
652 2845 727 2901 DUO
746 2845 910 2901 INSIGNIA
928 2843 1109 2900 examin

247 2937 298 2992 EX
315 2934 489 2990 EURIPIDE
506 2933 627 3002 UNUM,
645 2933 824 2988 ALTERUM
841 2933 864 2988 Ε
884 2931 1079 2990 sorffoctu

251 3064 342 3129 Inter
364 3084 411 3148 ea,
433 3083 515 3148 quae
538 3061 650 3127 duram
674 3064 769 3146 atque
796 3059 962 3124 insuavem
986 3056 1127 3128 orationis

187 3153 453 3237 pompositionem
486 3150 640 3234 efficiunt,
675 3149 729 3214 vix
761 3147 929 3237 quiequam
961 3152 1024 3234 est,
1055 3143 1127 3238 qued

186 3241 291 3327 magis
305 3240 557 3328 reprehendetur
571 3237 729 3303 edicendi
742 3237 914 3324 magistris,
924 3259 1022 3328 quam
1031 3236 1128 3306 crebra

187 3335 221 3396 et
242 3329 431 3396 continuata
458 3329 600 3394 eiusdem
622 3327 748 3392 litterae
769 3325 926 3410 repetitio.
970 3322 1127 3412 Itaqueiu

262 3487 282 3556 ¹)
301 3486 392 3541 earm.
410 3484 458 3553 IV,
477 3490 502 3553 α,
521 3488 566 3539 44.

261 3557 282 3626 ⁹)
301 3575 327 3611 v.
347 3562 408 3610 211.
