2330 3944
384 228 520 285 ORATIO
539 229 585 284 IX.
920 231 963 296 91

43 375 147 440 lotidem
179 375 212 438 in
242 379 350 458 partes
382 395 526 450 annuum
558 374 653 441 huius
685 377 790 441 nostri
822 377 963 441 muneris

43 465 200 528 cunculum
231 464 386 548 distingui
418 463 533 547 soleat,
571 463 717 528 dabimus
750 485 895 549 operam,
928 469 965 529 ut

43 553 208 636 singulorum
234 553 390 616 librorum
418 552 588 636 explicatio
617 574 690 617 cum
717 553 773 616 illa
799 554 964 637 tripartita

43 641 163 724 temporis
188 641 291 705 nostri
319 641 544 706 distributione
572 662 610 704 ac
643 641 856 726 descriptione
889 663 964 708 con-

43 733 123 792 currat
150 750 185 793 ac
220 732 386 814 congruat.
430 727 517 794 Nam
555 729 610 812 qui
640 729 708 794 dies
740 729 834 794 uobis
871 732 964 795 statis

43 817 98 882 anni
119 818 310 901 temporibus
333 817 374 881 ad
396 817 586 882 relaxandos
611 818 735 882 animos
761 821 794 882 et
817 817 857 881 ed
880 819 964 884 vires

43 906 120 970 denuo
148 906 343 991 colligendas
375 907 507 970 concedi
539 907 657 991 solent,
689 907 728 970 iis
761 907 830 991 ipse
864 908 965 972 otium

43 993 98 1057 mibi
110 997 215 1078 sponte
231 994 422 1060 abiudicabo
437 999 469 1059 et
482 995 625 1059 rationes
644 998 768 1059 vestras
788 995 964 1060 commodis

43 1083 98 1146 meis
113 1086 319 1167 anteponens,
338 1083 425 1148 domi
443 1084 585 1168 quidem,
604 1084 659 1148 sed
678 1083 725 1147 lta
738 1087 775 1147 ut
793 1085 965 1168 neminem,

44 1171 81 1252 qui
98 1171 237 1236 audiendi
257 1193 294 1236 ac
316 1171 458 1235 discendi
478 1172 584 1236 studio
603 1175 767 1256 teneatur,
789 1171 964 1256 excludam,

44 1281 100 1340 quae
122 1260 170 1324 hic
195 1260 351 1343 temporis
375 1260 534 1344 angustiis
557 1261 703 1326 exclusus
730 1281 798 1326 non
820 1265 965 1345 potuer0,

44 1346 88 1410 illic
113 1349 304 1413 commodius
337 1349 510 1432 explicabo.
552 1347 646 1413 Scitis
679 1349 764 1412 idem
791 1371 842 1412 me
873 1371 964 1433 rupe-

43 1436 148 1500 rioribus
173 1437 269 1502 annis
300 1437 465 1502 factitasse
498 1441 545 1521 et,
572 1459 645 1501 cum
673 1438 713 1500 ad
745 1459 796 1501 me
827 1457 965 1522 magnus

45 1524 225 1590 studiosorum
258 1534 415 1590 numerus
447 1526 579 1590 domum
615 1525 757 1608 quotidie
793 1525 967 1590 ventitaret

45 1633 69 1674 ac
88 1613 264 1698 conflueret,
289 1615 473 1698 perfecisse,
502 1649 544 1660 -—
572 1613 768 1699 praefiscini,
794 1617 832 1678 ut
857 1615 966 1698 loque-

45 1699 132 1766 bantur
159 1706 297 1786 veteres,
330 1703 475 1787 dixerim,
507 1739 549 1750 -
582 1706 619 1766 ut
654 1701 745 1767 nulla
780 1725 855 1787 pars
889 1704 966 1767 anni

46 1789 125 1854 utilius
151 1791 260 1856 abeis
284 1795 341 1856 aut
362 1791 558 1857 fructuosius
585 1794 772 1876 poneretur,
800 1813 897 1875 quam
920 1814 966 1875 ea,

47 1897 103 1957 quae
120 1880 214 1944 libera
238 1881 413 1964 quotannis
437 1901 474 1944 ac
498 1881 603 1944 soluta
626 1881 692 1945 otio
715 1880 853 1965 transigi
876 1881 966 1944 solet.

48 1962 112 2037 Quod
130 1989 185 2054 ego
209 1991 280 2034 non
302 1969 443 2033 iactandi
466 1969 528 2033 mei
552 1990 665 2032 caussa
688 1968 774 2051 dico,
798 2004 839 2014 -
862 1987 967 2051 neque

49 2054 110 2117 enin
127 2079 268 2142 unquam
295 2060 423 2122 tanturn
449 2057 569 2122 laboris
597 2057 704 2120 subire
738 2077 775 2119 ac
807 2056 967 2139 suscipere

48 2145 139 2228 potero,
163 2151 200 2211 ut
224 2150 283 2210 aut
305 2146 498 2211 sanctissimi
519 2145 685 2210 Pontificis
709 2143 856 2230 Gregorii
878 2143 968 2208 XIII.
1043 2193 1048 2200 .

49 2233 86 2293 aut
105 2235 366 2319 amplissimorum
394 2233 626 2319 Cardinalium,
659 2234 714 2319 qui
745 2233 835 2298 iussu
867 2233 967 2318 ipsius

48 2315 99 2384 huic
112 2325 275 2408 gymnasio
293 2328 460 2409 praesunt,
484 2324 680 2409 singularem
698 2323 733 2386 in
751 2344 802 2386 me
821 2323 968 2408 benigni-

48 2409 119 2474 tatem
133 2434 167 2477 ac
183 2413 431 2478 beneficentiam
449 2434 635 2496 exaequem,
658 2447 700 2458 -
724 2411 779 2474 sed
793 2414 830 2475 ut
847 2433 918 2494 ros,
942 2411 970 2474 si

49 2514 91 2576 que
114 2502 232 2566 ratione
265 2524 409 2586 possum,
446 2522 598 2566 exacuam
634 2503 667 2564 et
703 2499 891 2563 exsuscitem
929 2499 969 2562 ad

49 2587 250 2670 suscipiendam
273 2591 413 2674 aliquam
436 2611 545 2654 curam
568 2611 605 2654 ac
633 2588 863 2674 cogitationem
885 2587 969 2650 utili·

17 2715 18 2718 *
48 2673 100 2736 tatis
117 2683 251 2762 restrae,
274 2701 328 2762 ne,
351 2700 424 2743 cum
446 2678 526 2742 mihi
548 2677 715 2741 navandae
738 2676 830 2740 vobis
854 2697 969 2760 operae

48 2761 163 2830 voluntas
193 2789 361 2851 nunquam
392 2767 543 2850 defuerit,
574 2770 680 2830 restra
711 2765 802 2829 vobis
834 2763 970 2828 tarditas

17 2871 18 2947 ᾗ
49 2867 72 2909 cc
91 2855 279 2940 negligentia
306 2856 429 2920 aditum
456 2854 496 2919 ad
523 2876 631 2920 veram
658 2852 787 2918 laudem
806 2873 843 2916 ac
866 2852 970 2936 digni-

18 2987 19 2992 η
49 2936 122 3004 lalem
141 2943 356 3009 interclusisse
379 2945 534 3008 videatur.

18 3027 19 3058 ³
92 3027 134 3094 Ac
154 3033 306 3115 quoniam
330 3033 395 3097 scio
419 3054 487 3097 esse
511 3032 699 3114 nonnullos,
728 3030 783 3114 qui
806 3028 971 3112 mirentur,

18 3199 19 3206 ἵ
48 3132 104 3194 quos
123 3119 187 3203 ipse
205 3121 299 3206 mihi,
321 3143 394 3186 cum
413 3121 598 3186 vacationes
617 3122 748 3202 dautur,
771 3117 970 3182 voluntarios

18 3211 20 3216 ’
48 3199 144 3272 labores
169 3209 337 3296 iniungere
365 3211 466 3294 soleo,
496 3231 552 3274 cur
578 3230 646 3274 non
672 3207 735 3272 hoc
762 3207 833 3290 ipso
862 3207 970 3290 potius

49 3291 144 3368 publice
170 3299 263 3364 nobis
296 3299 472 3365 constituto
501 3298 541 3363 ad
570 3296 748 3362 docendum
775 3296 846 3360 loco
875 3318 972 3378 quam

49 3376 110 3445 intra
133 3385 322 3453 domesticos
349 3388 487 3472 parietes
516 3387 643 3469 obeam,
675 3386 743 3449 eius
771 3406 897 3469 quoque
925 3384 972 3447 rei

19 3471 21 3526 l
50 3483 107 3546 quae
131 3494 240 3539 caussa
262 3476 318 3560 sit,
345 3476 501 3560 aperiam,
527 3497 568 3540 ne
597 3473 804 3540 consiliorum
827 3492 973 3536 meorum

19 3527 22 3600 l
50 3572 102 3632 lars
123 3562 186 3629 ulla
213 3563 304 3630 robis
326 3563 440 3650 ignota
464 3565 514 3628 sit.
552 3562 658 3630 Officii
682 3563 768 3626 enim
790 3561 853 3624 mei
875 3558 972 3621 ratio·
