2330 3944
184 179 246 245 138
544 177 680 234 ORATIO
699 178 773 232 XIV.

181 330 252 390 tum
275 325 434 408 obtinere,
458 345 568 388 euram
591 327 699 388 autem
723 325 755 388 et
777 322 970 386 industriam
989 318 1119 405 subsequi

182 415 274 497 eique
307 414 398 496 quasi
434 412 585 478 famulari
616 411 774 476 viderent:
812 411 897 494 quod
932 411 1120 494 praecipuum

183 506 280 585 esset,
307 502 340 565 id
368 502 472 566 solum
507 522 577 566 esse
605 500 762 565 dixerunt.
798 497 884 564 Nam
911 499 998 583 quod
1024 499 1120 562 sumni

182 593 297 675 poetae
324 589 470 674 fuerunt,
498 594 671 673 antequam
694 588 864 672 quisquam
887 588 1027 670 poetices
1048 609 1120 670 prae-

184 682 277 762 cepta
303 679 457 762 traderet,
488 677 574 742 idem
599 678 635 742 in
662 677 844 744 oratoribus
872 676 934 740 dici
962 679 1075 759 potest:
1102 677 1122 738 si

184 766 326 852 quidem,
348 770 386 831 ut
404 768 484 832 alios
503 767 664 850 onustam,
685 766 740 830 ille
763 767 845 850 ipse,
869 787 932 849 quo
952 785 1045 830 nemo
1062 767 1121 848 post

183 855 331 920 homines
345 859 440 921 natos
455 855 657 939 eloquentior
669 853 745 938 fuit,
759 853 1010 937 Demosthenes,
1029 874 1121 917 omnes

185 944 386 1027 eloquentiae
418 965 569 1022 numeros
601 946 697 1008 antea
732 942 936 1028 impleverat,
974 963 1066 1026 quarn
1092 941 1122 1004 ab

184 1031 373 1116 Aristotele,
403 1033 458 1116 qui
479 1033 601 1116 primus
624 1035 661 1096 ut
683 1031 884 1114 dialecticen,
911 1031 960 1094 ita
984 1035 1016 1094 et
1036 1031 1122 1094 rheto-

184 1120 274 1183 ricen
301 1121 342 1183 ad
370 1121 447 1186 artis
475 1121 613 1194 formam
645 1119 782 1204 redegit,
809 1119 884 1184 libri
912 1119 955 1184 ad
983 1141 1052 1182 eam
1071 1139 1122 1182 ren

185 1208 383 1292 pertinentes
402 1209 687 1274 conscriberentur.
719 1205 782 1273 sed
801 1212 834 1272 et
852 1208 1021 1272 emendate
1034 1208 1122 1289 loque·

185 1297 305 1361 bantur
327 1296 487 1381 hominen,
509 1301 682 1380 antequam
705 1297 908 1381 grammatici
924 1300 1123 1376 nascerentur,

186 1406 290 1469 neque
314 1406 353 1449 ex
375 1386 504 1450 illorum
526 1386 705 1469 praeceptis
729 1385 896 1450 emendate
918 1384 1069 1469 loquendi
1088 1384 1123 1444 fa-

187 1473 304 1557 cultas,
333 1474 388 1538 sed
415 1475 485 1558 ipsa
512 1474 620 1557 potius
647 1477 819 1558 praecepta
847 1495 886 1538 ex
918 1472 1123 1538 observatione

188 1583 311 1644 eorum,
334 1563 389 1644 qui
402 1563 483 1626 bene
497 1563 717 1646 loquerentur,
740 1565 836 1628 enata
855 1565 944 1645 sunt3
969 1584 1032 1645 quo
1045 1558 1122 1624 modo

186 1649 406 1714 iurisconsulti
434 1651 558 1732 dicunt,
585 1651 724 1714 nonius
748 1672 765 1714 e
788 1651 921 1736 regulis,
951 1651 1046 1714 sede
1070 1650 1123 1712 iure

186 1737 316 1820 regulas
357 1737 507 1800 extitisse.
552 1735 664 1819 Neque
706 1739 837 1802 omnino
879 1739 1052 1821 quidquam
1087 1739 1124 1799 est

187 1823 275 1888 aliud
298 1846 365 1909 ars,
392 1847 489 1909 quam
516 1825 653 1890 imitatio
683 1827 841 1908 quaedam
863 1830 1012 1910 naturae,
1038 1831 1123 1907 neque

187 1913 255 1978 ulla
278 1917 327 1978 est
349 1935 415 1998 ars,
437 1914 526 1980 cuius
549 1935 617 1980 non
635 1913 757 1980 semina
776 1935 813 1978 ac
831 1914 993 1999 principia
1008 1917 1124 1979 naturae

189 2001 374 2067 debeantur.

256 2089 307 2156 Sic
325 2092 425 2176 igitur
444 2088 532 2157 a'me
550 2093 689 2176 primum
707 2091 786 2156 illud
807 2092 905 2177 caput
918 2113 1042 2176 eorum,
1060 2108 1125 2174 quae

188 2201 432 2264 proposueram,
469 2181 661 2262 explicatum
694 2180 748 2263 sit,
780 2183 817 2243 ut
848 2181 1009 2264 poetieam
1039 2197 1125 2260 neque

188 2268 345 2349 impetum
373 2267 533 2350 quendam
560 2269 660 2330 animi
686 2271 805 2332 temere
829 2267 898 2333 sine
920 2270 995 2334 ullis
1018 2266 1125 2352 legibus

189 2355 338 2438 vagantis
353 2376 422 2418 esse
435 2357 634 2439 statuamus,
652 2377 756 2440 neque
770 2379 880 2422 rursus
899 2361 1005 2422 tutam
1017 2375 1126 2442 praece·

189 2443 254 2527 ptis
273 2443 449 2527 adligatam
467 2445 500 2506 et
518 2444 703 2508 adstrictam
721 2446 843 2529 teneri3
862 2446 917 2511 sed
935 2450 969 2510 et
987 2462 1126 2532 generoso

189 2530 329 2614 quodam
351 2531 502 2617 ingenio,
518 2535 589 2597 tum
607 2533 648 2597 ad
666 2533 891 2617 concipiendas
910 2534 1019 2599 animo
1038 2551 1127 2597 rerum

188 2618 360 2702 imagines,
387 2623 458 2683 tum
486 2621 526 2685 ad
554 2642 604 2704 ea,
632 2643 713 2704 quae
741 2622 935 2706 conceperit,
968 2620 1127 2708 grandibus

188 2706 295 2771 verbis
326 2710 358 2772 et
380 2709 511 2774 minime
538 2710 663 2794 vulgari
691 2709 817 2774 dicendi
845 2731 961 2796 genere
984 2706 1128 2775 efferenda

189 2795 317 2881 egregie
340 2796 442 2880 facto,
465 2801 497 2861 et
515 2803 680 2882 praeterea
703 2798 852 2884 diligenti
870 2820 947 2863 cura
970 2803 1063 2883 atque
1084 2795 1129 2860 ob·

189 2881 371 2948 servatione
393 2890 637 2971 praeceptorum
660 2888 862 2970 quorundam
881 2888 1047 2952 contineri.
1073 2884 1128 2948 An-

188 2973 321 3056 tiquitas
349 2973 450 3058 ipsius
478 2975 529 3040 vel
552 2997 569 3038 e
592 2971 754 3040 Ciceronis
781 2975 967 3042 testimonio
995 2973 1129 3042 omnibus

188 3065 268 3126 nota
291 3065 352 3147 est,
380 3062 435 3146 qui
459 3084 476 3127 e
499 3063 600 3128 doctis
624 3063 883 3146 antiquissimum
905 3087 975 3130 esse
997 3066 1043 3130 ait
1067 3065 1130 3146 pot-

189 3151 297 3212 tarum
324 3149 474 3237 genus*).
515 3149 583 3214 Nos
612 3154 697 3215 certe
723 3151 880 3239 Homero,
913 3175 1007 3237 quem
1033 3156 1130 3216 tamen

189 3237 284 3300 multi
306 3241 420 3320 po'e'tae
444 3241 695 3323 antecesserant,
723 3242 848 3306 nullum
874 3241 1046 3326 profanum
1067 3235 1129 3301 seri·

190 3327 316 3408 ptorem
348 3324 554 3388 vetustiorem
585 3327 750 3394 habemus.
795 3329 840 3394 Et
870 3329 930 3414 illi,
955 3330 1018 3413 'qui
1046 3321 1131 3412 primi

244 3515 270 3582 *)
289 3510 344 3568 (lic.
364 3511 445 3566 Tusc.
465 3513 485 3566 I.
507 3520 529 3566 1.
550 3519 584 3591 3..
623 3510 624 3513 ’
