2330 3944
8 23 228 120 *s

371 175 506 230 carno
525 175 598 230 xm.
903 175 964 240 127

23 325 115 384 tarum
142 327 241 384 cantu
271 319 492 384 incredibilem
524 321 624 384 animi
655 322 854 405 voluptatem
887 323 965 387 hau-

23 410 137 473 riebam.
180 407 228 474 Ut
254 407 301 472 illi
328 413 447 473 venatu
476 409 651 492 aucupiove
680 409 797 474 intenti
829 412 965 494 praedas

25 501 124 582 agunt,
147 495 265 581 quibus
287 519 433 561 mensam
452 497 691 563 instructiorem
704 499 840 575 faciant,
865 500 910 564 sio
933 504 966 564 et

24 607 72 670 ego
94 586 209 669 quibus
228 589 369 650 mentem
383 586 589 671 instruerem,
613 608 630 651 e
654 588 965 671 sapientissimorum

24 675 175 738 hominum
203 675 421 739 monumentis
449 675 591 759 quotidie
619 676 812 761 aucupabar.
849 675 875 741 0
900 681 966 742 stu·

26 763 65 827 dia
88 767 214 847 nostra,
241 763 417 845 auditores,
448 783 516 829 non
547 763 640 828 utilia
670 767 800 829 tantum
831 786 868 830 ae
899 765 964 829 fru-

26 855 133 935 ctuosa,
157 851 214 916 sed
238 851 343 916 dulcia
366 851 464 916 etiam
487 873 524 916 ac
548 852 696 916 delicata!
724 852 895 918 Persarum
918 875 966 918 re·

27 961 82 1025 ges,
103 941 158 1024 qui
180 943 219 1006 ut
241 940 357 1023 opibus
384 961 422 1005 ac
449 940 569 1006 divitiis
597 941 788 1025 affluebant,
815 943 862 1006 ita
889 943 966 1006 luxu

27 1050 54 1092 ao
78 1028 196 1094 deliciis
225 1029 428 1114 diffluebant,
460 1031 637 1113 voluptatis
670 1051 784 1096 caussa
810 1031 857 1094 ita
889 1031 966 1095 divi·

28 1116 128 1181 debant
151 1139 287 1202 annum,
309 1121 347 1182 ut
368 1118 517 1202 hyemem
539 1117 707 1202 Babylone
730 1119 781 1184 vel
805 1117 909 1204 Susis,
931 1120 967 1182 in

28 1204 115 1270 lledia
138 1209 296 1272 aestatem
319 1211 461 1292 agerent.
485 1206 604 1283 Quidni
627 1208 734 1272 studia
756 1211 869 1272 nostra
892 1229 966 1272 ean-

29 1294 84 1357 dem
104 1295 198 1360 nobis
221 1295 358 1360 honeste
377 1295 560 1360 luxuriandi
578 1296 766 1361 facultatem
784 1317 822 1360 ae
841 1297 967 1380 copiam

29 1383 207 1464 praebeant?
234 1384 288 1450 Ex
305 1404 370 1450 meo
386 1385 561 1467 propinquo
583 1405 669 1464 rure,
693 1385 739 1449 ait
753 1383 967 1450 Terentianus

30 1470 186 1558 laches*),
208 1471 264 1538 hoe
285 1473 372 1556 capio
395 1472 560 1540 commodi:

70 1576 156 1646 Neque
175 1577 340 1646 aeriaeque
358 1577 435 1632 artie
453 1566 605 1632 odiumne
623 1592 745 1646 aequom
763 1577 887 1647 percipit.

75 1647 121 1702 Uli
138 1649 226 1702 satias
244 1650 330 1717 eoepit
347 1647 426 1716 sieri,
444 1649 576 1703 commato'
594 1648 688 1702 locum.

31 1734 101 1802 ldem
122 1739 156 1802 in
180 1739 295 1804 studiis
317 1739 401 1803 lieet.
437 1737 535 1804 Gravi
562 1743 595 1804 et
622 1760 732 1804 severa
759 1739 967 1824 philosopho-

32 1847 86 1890 rum
110 1827 247 1892 lectione
275 1828 420 1892 defessus
448 1828 575 1893 animus
603 1831 665 1892 est:
693 1828 893 1912 po'e'ticorum
920 1829 967 1892 lu-

35 1935 119 2000 suum,
144 1915 292 1982 involuta
318 1917 446 1982 fabellis
470 1921 503 1982 et
526 1916 656 1982 condita
679 1917 829 1981 omnibus
852 1916 967 1999 lepori-

34 2000 80 2066 bus
100 2006 272 2088 sapientiae
299 2009 471 2091 praeoepta
499 2004 748 2089 continentium,
772 2005 968 2068 amoenitate

34 2097 178 2158 recreetur.
226 2091 365 2160 Solidius
403 2093 533 2179 aliquod
565 2098 598 2158 et
629 2093 716 2158 succi
746 2093 873 2177 plenius
906 2093 969 2156 eibi

36 2199 116 2262 genus
137 2183 283 2267 requirit:
311 2201 349 2247 en
372 2183 428 2248 illo
452 2183 673 2284 copiosissimo
698 2202 735 2246 ao
757 2181 968 2265 locupletissi-

36 2289 73 2332 mo
92 2273 239 2337 veterum
256 2275 421 2336 oratorum
443 2293 564 2356 penore
583 2271 692 2336 omnia
709 2291 777 2335 non
799 2269 969 2354 pascendis

36 2358 109 2423 nodo
113 2360 199 2442 ,sed
222 2361 321 2424 etiam
344 2360 531 2446 saginandis
555 2360 671 2424 animis
692 2362 770 2444 apta
793 2359 968 2443 depromat

37 2410 195 2548 ingurgitet
162 2471 257 2514 ese
284 2451 319 2512 in
345 2449 412 2513 hist
398 2449 516 2514 toriam
543 2452 697 2531 veterem,
725 2469 854 2512 omnem
877 2468 970 2530 supe-

37 2535 108 2599 raris
135 2538 205 2602 aevi
232 2538 421 2602 memoriam
448 2540 556 2602 mente
580 2557 617 2601 ae
645 2536 718 2621 cogi
719 2536 842 2600 tatione
865 2535 969 2619 perlu-

39 2625 97 2687 stret
85 2626 305 2712 tindulgeat
333 2626 417 2690 arbit
403 2629 491 2690 tratu
519 2647 577 2690 suo
604 2625 653 2688 illi
684 2624 841 2708 voluptat
833 2647 856 2705 1,
872 2644 970 2774 quae

39 2676 207 2778 infinitat
175 2719 207 2779 et
243 2714 438 2778 insatiabilis
470 2736 508 2778 ex
545 2713 719 2797 antiquitat
720 2713 747 2776 is
785 2711 970 2796 cognitione

54 2802 195 2950 etroipitur.
241 2789 390 2868 Aliarum
420 2803 568 2886 voluptat
569 2824 624 2866 um
655 2800 824 2865 habendus
856 2799 971 2864 modus

52 2889 172 2970 sthuio
195 2893 293 2956 nimis
316 2891 478 2976 indulgeri
501 2913 569 2955 non
591 2892 708 2974 potest.

87 2977 187 3064 Atque
221 2979 592 3079 1111111111,1111110111,Ι
624 2978 777 3062 quoniam
809 2975 971 3040 humanus

54 3066 140 3132 nimus
163 3069 319 3134 varietate
344 3068 483 3152 eapitur,
507 3067 713 3220 omniumque
737 3085 837 3148 prope
856 3084 972 3145 rerum,

56 3155 124 3219 tait
149 3157 336 3242 Euripides,
362 3156 503 3221 iucunda
530 3155 667 3220 mutatio
696 3176 729 3218 es
731 3151 816 3239 t‚**)
847 3114 977 3220 decrevi

58 3261 83 3303 oa
106 3266 187 3311 anno
217 3245 339 3331 aliquid
366 3245 459 3310 vobis
485 3244 582 3310 huius
611 3242 779 3310 suavitatis
806 3241 974 3326 impertiri,

79 3455 101 3576 *p
114 3454 181 3580 {1312
202 3462 262 3511 972.
282 3473 303 3510 s.
390 3456 432 3524 **)
451 3449 602 3524 Mesopota)
621 3448 734 3507 πάντων
754 3447 848 3520 ytoud.
876 3449 972 3518 Eurip.

60 3535 107 3576 res.
176 3569 182 3581 ,
