2328 3956
324 202 503 260 marona
521 203 621 259 XXXI.
916 206 964 270 47

29 345 144 429 obdura,
166 349 199 409 et
220 346 288 410 noli
310 349 379 412 tam
401 348 465 413 aito
488 347 528 412 de
550 347 656 416 Roma
677 349 887 435 relinquenda
908 371 965 416 co-

28 435 123 517 gitere.
153 433 234 498 Mihi
257 435 358 519 crede,

78 556 137 622 Iste
159 558 215 624 teti
236 559 392 642 quondam
413 557 564 625 laetitr'am
583 559 663 642 seret
684 560 776 630 utos.

26 695 209 764 Carventum
236 721 306 766 esse
329 723 349 768 a
369 704 403 765 te
424 700 607 768 Manutium
634 723 742 768 meum
764 703 901 789 gaudee¹
929 708 966 770 et

25 787 105 850 talem
134 792 311 874 repertum,
343 791 470 876 qualem
497 810 558 876 ego
589 791 650 856 tibi
676 812 750 855 eum
782 813 876 876 saepe
909 793 962 858 de-

26 875 205 958 scripseram.
250 875 322 942 Hoe
352 878 413 942 tibi
443 877 566 964 liquido
598 879 785 944 confirmare
820 901 965 965 possum,

26 984 82 1026 enm
105 964 210 1028 virum
237 964 358 1030 bonum
387 987 470 1050 esse,
497 963 679 1050 φιλόφιλον
706 971 740 1032 at
767 968 964 1034 studiosissi-

24 1073 95 1116 mum
119 1053 368 1120 benefaciendi
395 1077 490 1140 quam
517 1055 672 1138 plurimis.
718 1054 823 1132 Quare
851 1061 968 1122 auctor

24 1139 70 1202 tibi
90 1161 173 1224 sum,
199 1145 238 1206 at
258 1145 303 1226 te,
331 1147 488 1228 quantum
514 1147 619 1227 potes,
646 1144 790 1213 insinues
818 1145 854 1210 in
875 1145 968 1210 illius-

25 1229 282 1295 eonsuetudinem.
310 1228 502 1316 Cogitabam
525 1231 563 1295 de
586 1232 698 1298 eodem
720 1233 791 1298 oleo
814 1237 847 1298 et
865 1255 965 1318 opera

24 1316 54 1378 ed
72 1316 222 1382 Plautum
248 1323 396 1384 nastrum
418 1320 570 1384 seribere:
599 1321 655 1384 sed
678 1321 742 1386 alio
768 1341 873 1386 vocor.
909 1322 964 1386 In·

24 1409 93 1468 terea
123 1406 283 1471 salutabis
314 1429 387 1472 eum
418 1429 492 1474 meo
523 1408 654 1473 nomine
685 1413 731 1492 et,
757 1413 795 1474 ut
820 1410 968 1495 coepisti,

24 1493 117 1558 reddes
141 1495 287 1579 quotidie
312 1499 370 1562 tua
396 1496 625 1562 eonsuetudines
653 1497 838 1562 doctiorem.
883 1495 965 1563 Cras

24 1581 53 1644 ad
72 1603 143 1646 eum
168 1583 314 1648 scribam.
358 1583 446 1649 Bene
468 1585 552 1668 vale,
579 1585 625 1650 mi
653 1585 841 1652 suavissime
863 1585 968 1671 Lipsi.

24 1667 133 1736 Tibure.
158 1688 218 1737 111.
231 1670 364 1738 Kalene
379 1671 555 1758 Septembr.
568 1691 712 1740 unm.

406 1831 566 1845 ...ι-,Μ

429 1879 548 1989 xxxi.

200 2041 249 2123 Μ.
276 2045 519 2121 ANTONIUS
545 2046 770 2121 MURETUS

213 2257 220 2268 Ι
288 2181 411 2240 PAULO
431 2182 597 2314 SXCRA'I'O
616 2183 685 2240 SUO

472 2302 477 2314 .
491 2273 519 2314 n.

75 2380 156 2447 Heri
187 2382 294 2466 aeeepi
316 2403 336 2446 a
357 2384 390 2447 te
413 2381 537 2446 litteras
564 2380 744 2446 simillimas
769 2380 832 2465 tui,
852 2383 968 2463 tersas,

24 2469 140 2554 nitidas,
172 2471 348 2554 elegantes,
374 2469 578 2554 plenissimas
605 2468 814 2533 humanitatis
842 2472 876 2532 et
902 2469 967 2553 spi-

23 2562 114 2622 rantes
139 2559 232 2623 omni
255 2580 293 2622 ex
319 2562 411 2643 parte
433 2557 692 2622 benevolentiam
713 2559 853 2620 veterem
875 2557 968 2621 illam

23 2651 94 2709 tuem
115 2647 154 2711 in
169 2669 222 2711 me
245 2647 411 2710 mirificam
424 2667 556 2730 prorsus
579 2667 617 2710 ae
640 2645 844 2730 singularem.
873 2643 967 2720 Quod
1012 2643 1014 2648 ’

25 2735 215 2800 excusatione
236 2734 318 2800 nihil
340 2756 421 2818 opus
444 2755 514 2800 esse
537 2733 669 2816 duxisti,
691 2732 805 2816 fecisti,
827 2735 865 2796 ut
887 2733 970 2796 ami·-

24 2821 82 2885 eitie
110 2826 230 2888 nostra
256 2823 389 2908 dignum
416 2825 479 2888 est:
507 2843 545 2886 ae
572 2843 623 2888 me
653 2823 819 2907 praeterea
851 2821 969 2884 levasti

23 2905 113 2974 labore
128 2910 315 2996 quaerendi,
337 2909 496 2996 quomodo
519 2913 588 2975 tam
602 2909 788 2974 diuturnum
802 2907 967 2972 silentium

23 3017 111 3063 neum
135 3000 226 3084 apud
246 3003 279 3063 te
302 2999 513 3064 defenderem.
558 2996 644 3063 Nam
666 3017 816 3062 excusare
844 2999 876 3060 te
898 3016 967 3060 nen

24 3090 151 3171 pateras,
184 3087 262 3173 quin
289 3087 400 3152 eadem
432 3107 531 3171 opera
557 3107 608 3151 me
635 3105 808 3150 aeeusarea.
853 3083 967 3170 Itaque

23 3171 70 3238 hoe
95 3197 226 3261 quoque
248 3198 268 3240 a
288 3179 322 3240 te
349 3179 505 3261 tanquam
532 3196 605 3240 mea
632 3195 745 3240 caussa
771 3173 893 3237 fautum
916 3193 969 3238 ae-

24 3261 91 3343 eipio
113 3265 341 3355 indultumque
368 3265 448 3328 mihi
470 3285 491 3328 a
512 3265 544 3328 te
567 3266 655 3346 puto.
700 3261 887 3326 Thalamius
908 3282 970 3325 na

24 3353 75 3414 ster
95 3349 182 3438 (non
208 3353 295 3418 enim
316 3352 377 3417 tibi
403 3352 469 3416 iam
491 3351 644 3433 conredo,
666 3354 703 3414 ut
729 3353 766 3414 tu
794 3371 867 3414 enm
894 3349 969 3432 plus

24 3439 117 3527 ames)
141 3455 253 3525 verus,
274 3443 311 3504 ut
332 3440 439 3524 video,
461 3443 511 3505 est
533 3443 566 3504 et
588 3439 725 3524 diligens
747 3437 971 3504 internuntius

24 3527 171 3594 amicitiae
192 3531 331 3595 aarum.
375 3527 461 3594 Nam
484 3527 611 3614 quoties
632 3549 698 3592 una
721 3548 846 3610 sumus,
874 3525 912 3588 de
934 3527 970 3588 te
