2326 3942
192 216 266 302 180Ι
541 215 677 271 ORATIO
696 213 796 270 XVllL

190 384 264 428 rum
300 361 443 445 praemia
479 362 627 444 peterent
669 359 778 439 otiosi3
818 379 922 443 neque
958 373 1022 423 esse
1055 361 1121 444 quod

191 451 363 536 quisquam
385 452 534 514 nostrum
562 449 623 512 sibi
645 448 846 512 blandiretur
878 451 934 512 aut
962 449 1121 531 cuiusquam

191 539 354 604 enostris
377 537 520 603 studium
543 541 575 601 ct
602 537 805 621 diligentiam
828 557 900 601 cum
927 537 984 600 illa
1004 540 1121 601 veterum

191 627 350 712 pertinaci
383 631 415 691 et
446 625 605 692 indomita
637 625 780 690 discendi
812 625 987 708 cupiditate
1018 630 1121 690 conten-

192 715 291 780 deret.
327 715 405 780 Illos
428 716 578 780 incensos
601 717 634 779 et
656 713 875 778 inflammatos
899 734 1006 778 amore
1032 713 1122 777 deebi-

191 825 268 887 nae,
304 805 454 869 omnibus
487 804 548 868 sibi
580 803 651 868 aliis
687 801 923 886 voluptatibus
941 801 1125 884 interdixisse,

191 893 240 958 rei
263 893 431 958 familiaris
459 913 570 958 curam
597 891 764 975 abiecisse,
796 891 883 975 cibo,
914 895 1008 974 potu,
1034 911 1123 954 somno

192 983 378 1066 saepissime
415 981 622 1064 abstinuisse,
658 1000 753 1044 omne
790 979 853 1044 eibi
888 982 1016 1063 tempus
1044 979 1125 1064 perire

134 1087 139 1092 ·
192 1073 294 1152 ratoS,
323 1069 409 1153 quod
436 1070 566 1134 nonin
596 1068 703 1134 studio
736 1069 925 1152 poneretur,
956 1089 1024 1133 non
1052 1067 1126 1131 modo

192 1156 387 1236 valetudinis
406 1157 588 1242 dispendio,
610 1157 666 1222 sed
682 1157 785 1240 ipsius
804 1157 889 1221 vitae
910 1157 1049 1242 periculo
1065 1156 1126 1220 bene

192 1247 257 1310 emi
296 1250 463 1330 putantes,
504 1246 590 1331 quod
630 1249 698 1310 tam
737 1245 899 1310 ferventer
940 1245 1126 1310 adamasseut

192 1332 263 1399 Nos
291 1335 378 1418 quod
405 1357 532 1420 somno,
562 1334 648 1419 quod
675 1334 910 1418 voluptatibus,
939 1334 1024 1418 quod
1050 1333 1126 1398 avari·

192 1423 271 1506 tiae,
294 1423 381 1508 quod
403 1424 573 1489 ambitioni
594 1423 748 1506 temporis
772 1427 931 1506 superest,
960 1423 1127 1488 collocamus

193 1511 229 1576 in
255 1512 373 1576 litteris
400 1517 445 1597 et,
477 1535 550 1578 cum
582 1512 708 1596 quidvis
743 1511 853 1596 potius
884 1531 1033 1597 agamus,
1057 1511 1128 1574 mira

193 1621 279 1683 mur,
302 1601 441 1684 impares
464 1623 616 1666 essenos
639 1601 692 1684 iis,
716 1601 772 1684 qui
792 1599 856 1665 hoc
878 1621 983 1665 unum
1006 1600 1127 1685 agebant.

193 1686 369 1756 Memoriae
396 1689 561 1772 proditum
588 1692 650 1772 cst,
677 1710 750 1754 cum
777 1690 917 1774 populus
944 1686 1128 1754 Atheniensis

194 1775 322 1840 decreto
350 1777 501 1860 cavisset,
532 1780 570 1841 ut
596 1777 702 1860 capite
733 1779 849 1861 lueret,
882 1779 910 1844 si
941 1778 1014 1862 quis
1044 1776 1128 1860 Mega·

194 1864 297 1930 rensis
320 1865 435 1950 pedem
457 1867 492 1930 in
514 1864 598 1930 Astu
621 1865 796 1950 intulisset,
819 1865 1002 1950 Euclidem,
1029 1866 1078 1950 qui
1096 1865 1128 1926 in-

195 1954 301 2020 didem
333 1957 403 2020 erat
430 1954 657 2038 Socratemque
685 1959 760 2018 ante
787 1954 821 2018 id
849 1955 1014 2020 decretum
1044 1953 1128 2018 audin

195 2047 359 2128 coeperat,
382 2063 456 2110 cum
478 2043 679 2110 sermonibus
701 2043 789 2108 illius
812 2063 920 2108 carere
938 2045 1053 2127 nollet,
1072 2063 1129 2126 quo·

194 2132 287 2216 tidie,
313 2153 388 2196 cum
415 2132 706 2216 advesperasceret,
736 2131 848 2196 tunica
876 2132 979 2217 longa
1006 2131 1129 2197 muliebri

194 2220 346 2284 indutum
368 2225 401 2284 et
418 2221 609 2286 versicolore
627 2220 725 2305 pallio
745 2221 911 2302 amictum,
934 2222 1039 2305 capite
1057 2225 1129 2302 atque

196 2329 251 2372 ore
278 2309 400 2392 velato,
426 2307 571 2394 Megaris
591 2307 737 2374 Athenas
761 2310 802 2373 ad
825 2307 993 2374 Socratem
1020 2327 1128 2376 comme·

195 2417 251 2460 are
284 2399 317 2460 et
348 2397 408 2464 sub
440 2399 545 2462 lucem
576 2398 688 2464 eodem
720 2401 838 2462 ornatu
870 2397 912 2462 ad
945 2418 1021 2464 suos
1051 2396 1131 2462 redire

197 2486 337 2551 solitum.
383 2485 481 2550 Tanti
512 2487 650 2570 putabat
681 2486 936 2554 studiosissimus
967 2487 1132 2552 adolescens

197 2574 306 2657 aliqua
333 2577 448 2640 saltem
470 2575 575 2640 noctis
602 2577 693 2659 parte
717 2573 883 2640 Socratem
906 2575 1031 2660 audire,
1056 2577 1089 2640 ut
1107 2593 1133 2634 ea

197 2662 237 2726 de
260 2685 374 2728 caussa
396 2667 429 2728 et
452 2664 587 2749 singulis
610 2663 759 2744 noctibus
779 2665 916 2747 amplius
940 2663 1134 2748 quadraginta

193 2751 299 2818 ,millia
320 2775 474 2836 passuum
497 2752 652 2818 conficere
676 2755 709 2816 et
726 2752 826 2818 vitam
845 2775 937 2817 suam
953 2753 990 2817 in
1008 2754 1134 2838 apertum

198 2839 370 2906 discrimen
406 2863 565 2926 exponere
601 2861 669 2906 non
705 2845 876 2906 vereretur.
926 2840 1046 2906 Mirum
1083 2857 1135 2902 non

197 2931 261 3014 est,
287 2934 380 2996 tanto
404 2952 464 2996 nos
488 2931 534 2996 eis
556 2929 725 2994 inferiores
748 2951 816 2996 esse
844 2930 1004 3014 doctrina,
1032 2931 1135 3014 quanto

198 3019 363 3084 doctrinae
387 3041 495 3084 amore
517 3018 686 3083 inferiores
709 3041 827 3083 sumus.
857 3017 920 3084 sed
944 3019 982 3083 de
1004 3018 1136 3103 neglectu

197 3105 357 3172 bonarum
388 3109 507 3174 artium
538 3111 571 3172 et
602 3107 641 3172 de
672 3107 729 3172 illo
762 3107 854 3191 quasi
879 3111 1010 3192 torpore
1037 3127 1072 3171 ac
1096 3124 1136 3167 ve·

196 3195 305 3278 terno,
328 3197 383 3278 qui
404 3197 470 3262 iam
491 3196 616 3280 pridem
638 3197 790 3262 iuvenum
816 3199 1002 3262 nostrorum
1028 3196 1137 3260 animos

198 3284 381 3366 occupavit,
412 3288 445 3348 et
466 3285 533 3349 dixi
555 3305 649 3369 saepe
677 3285 757 3349 alias
784 3288 817 3348 et
845 3285 987 3350 dicturus
1014 3305 1094 3366 sum,
1117 3279 1137 3342 si

196 3367 282 3435 forte
306 3371 440 3436 dicendo
463 3394 536 3436 eum
563 3376 711 3438 excutere
738 3377 771 3437 et
797 3375 921 3458 aliquos
949 3395 1069 3450 eorum,
1094 3367 1137 3452 qui

197 3479 249 3525 me
273 3459 417 3544 audient,
440 3461 577 3525 excitare
601 3461 642 3525 ad
665 3461 868 3546 vigilantiam
891 3463 1022 3547 possim

264 3547 410 3614 Alteram
433 3569 579 3614 caussam
602 3571 670 3615 esse
698 3550 862 3636 dicebant,
885 3573 967 3636 quae
988 3549 1137 3636 profectus

493 3845 527 3915 μ
