2368 3956
207 237 270 302 146
578 231 663 288 VAR
681 229 785 288 LEOT.

206 385 320 449 cantur
341 379 432 446 tenui
447 382 577 466 gutture
589 377 791 444 funditantes
808 378 941 444 intimos
959 379 1132 445 audientium
1160 385 1161 406 ¹

206 493 319 538 sensus
345 469 525 536 incredibili
550 468 715 552 voluptate
747 468 976 552 permulceant.
1023 467 1134 532 Pratum

205 561 312 646 ipsum
333 557 530 643 perennibus
551 557 662 622 rivulis
684 555 773 622 varie
795 557 995 642 intersecari,
1022 579 1134 641 quorun

207 649 326 736 aquula
346 646 541 713 nitidissima
567 645 608 710 ad
635 645 843 711 versicolores
869 647 998 749 lapillos
1020 645 1137 710 molliter

206 739 309 804 fracta
330 739 365 802 et
386 736 480 802 allisa
502 756 667 802 susurrum
689 733 808 800 efficiat
834 733 1061 800 dulcissimum
1098 733 1137 798 lta

208 849 272 913 qus
293 825 501 892 flosculorum
522 823 701 890 ambrosios
715 823 829 889 odores
848 823 1066 889 exhalantium
1084 845 1138 888 sua-

207 917 317 1001 vitate,
340 936 404 1000 qua
417 912 636 998 Zephyromm
653 911 867 978 viridantibus
890 913 1042 979 arborum
1059 913 1139 976 ramis

207 966 412 1070 illudentium
439 1001 548 1086 sibilo,
575 1023 639 1086 qua
661 1002 828 1068 volucrum
851 1002 1059 1067 concentibus
1063 1019 1141 1088 ,qua

207 1092 328 1158 blando
357 1052 628 1157 murmurantium
664 1089 841 1156 rivulorum
876 1089 1016 1174 strepitu
1049 1052 1141 1154 lieetes

208 1182 281 1247 illas
312 1183 437 1246 mentes
469 1179 672 1246 continenter
701 1178 842 1244 hilarari.
895 1177 986 1264 Ergo
1014 1177 1142 1244 1111111

138 1291 142 1298 ’
210 1269 332 1356 Orphei
362 1267 598 1354 Amphionisve
633 1269 736 1354 lyram
771 1267 904 1333 choreas
936 1289 1046 1353 agere,
1080 1267 1142 1331 alios

209 1360 358 1445 p‚sallere
382 1357 462 1424 alios
485 1358 621 1424 corollas
642 1361 759 1442 texere,
781 1357 894 1423 alios
884 1378 919 1422 rn
940 1355 1043 1423 herba
1063 1357 1144 1432 fusos,

211 1471 275 1536 qua
296 1408 393 1514 telius
419 1447 566 1513 tremulis
592 1408 759 1512 lauroruni
782 1468 819 1511 ac
845 1449 1028 1532 myrtorum
1050 1467 1145 1530 opaca

209 1542 264 1603 tur
285 1536 495 1620 umbraculis,
521 1535 768 1602 iucundissimos
795 1557 959 1601 sermones
982 1555 1144 1602 conserere:

209 1627 477 1711 humum1psam
508 1645 607 1711 opum
638 1645 769 1690 suarum
798 1623 969 1710 prodigam
1002 1624 1146 1691 11111111

210 1717 299 1782 cultu
321 1718 371 1780 ter
394 1717 555 1818 quotquot
580 1714 675 1779 annis
701 1713 849 1779 ubertate
876 1735 1006 1778 summa
1035 1714 1146 1779 alimen-

210 1807 319 1871 torum
341 1803 467 1888 oopiam
481 1803 527 1868 eis
550 1823 721 1889 suggerere
735 1824 772 1872 ac
786 1803 1042 1870 subministrare.
1075 1801 1148 1866 Haeo

211 1894 338 1981 aliaque
361 1893 479 1960 similia
493 1893 531 1957 de
553 1892 668 1958 insulis
689 1891 753 1957 illis
775 1895 899 1977 potitae,
921 1891 1147 1976 1111111111-

213 1985 330 2048 lantur.
376 1981 439 2049 Sed
462 1981 500 2046 de
523 2002 634 2046 earum
656 1981 721 2046 situ
742 2001 810 2046 non
835 1980 921 2045 idem
947 1980 989 2045 ab
1017 1942 1148 2047 oinnibus

212 2073 359 2138 traditur.
416 2069 503 2138 Nam
543 2091 617 2136 curn
655 2069 800 2156 plerique
840 2090 951 2135 omnes
988 2067 1149 2134 Homerum

214 2159 347 2248 secuti¹)
380 2181 435 2226 eas
470 2161 506 2225 in
531 2157 710 2243 Hispaniae
741 2159 860 2224 finibus
894 2159 1069 2224 collocent:
1096 2175 1151 2221 non

214 2250 331 2315 desunt
356 2252 480 2333 tamen,
507 2248 563 2332 qui
593 2246 704 2313 lndiae
726 2248 848 2313 vicinas
877 2269 946 2314 esse
976 2247 1099 2330 dicant3
1125 2213 1165 2307 inl

213 2338 326 2424 primis
349 2341 457 2402 autem
479 2336 559 2401 mihi
580 2335 686 2402 risum
713 2339 763 2402 est
790 2337 975 2402 admirabile
1000 2340 1035 2402 et
1058 2337 1150 2402 absur-

214 2427 304 2510 dum,
333 2426 419 2512 quod
443 2425 528 2510 apud
550 2423 707 2490 Graecum
731 2425 890 2511 quendam
912 2423 1152 2492 Grammatioun

214 2513 1153 2687 w

1041 2653 1051 2688 7

215 2693 355 2760 insolam
374 2691 579 2758 Britanniam
601 2693 711 2777 alluat,
732 2692 879 2758 homines
893 2691 1052 2778 quosdam
1074 2691 1152 2776 pisci·

215 2784 275 2849 bus
298 2782 461 2868 capiendis
487 2781 687 2848 1111111111
715 2781 770 2868 qui
795 2779 928 2846 11111111
955 2780 1087 2865 quidem
1110 2801 1154 2864 pu·

214 2876 321 2958 reent,
343 2873 572 2958 nequetomen
595 2870 853 2956 sintvectigales.
888 2867 1153 2954 Iinonnunquam

215 2964 251 3029 in
283 2961 414 3028 aedibus
447 2959 513 3025 suis
546 2959 742 3024 dormientes
778 2959 912 3024 audiunt
945 2979 1073 3043 rocem,
1104 2979 1155 3043 que

215 3053 445 3136 inclamantur,
468 3049 674 3134 sentiuntque
696 3047 895 3133 proforibus
925 3047 1037 3113 adesse
1060 3009 1155 3111 inulti·

215 3141 361 3206 tudinem
384 3139 547 3226 quandam
568 3137 736 3204 hominum
763 3157 889 3202 summa
910 3156 983 3201 oum
1003 3135 1156 3200 hilaritate

215 3229 451 3332 plaudentium
475 3226 691 3314 expergefacti
713 3228 769 3291 aut
770 3247 821 3290 em
842 3229 876 3290 et
888 3225 982 3290 domo
1005 3226 1156 3302 exeuntes,

215 3318 377 3385 neminem
392 3318 520 3403 quidem
543 3316 783 3402 conspicantur:
805 3333 903 3380 nares
924 3315 1052 3378 tanturn
1073 3333 1156 3397 quas·

217 3410 290 3475 dam
321 3407 500 3492 reperiunt,
531 3429 599 3473 non
631 3427 718 3490 suas,
747 3425 827 3490 quas
859 3425 898 3469 ex
927 3403 997 3488 ipso
1027 3401 1156 3485 strepitu

290 3602 309 3672 ¹)
328 3601 379 3659 11.
398 3600 445 3658 ru
464 3605 525 3655 111.
