2330 3944
192 212 255 276 166
331 157 339 164 -
547 210 682 265 ORATIO
700 210 788 265 XVII.

189 378 285 421 voces
308 355 470 439 antiquas,
497 355 653 438 quasdam
676 355 717 418 ab
739 356 811 440 ipso
835 377 928 422 cusas
954 359 987 422 et
1010 361 1135 421 novatas

190 447 315 511 notant

256 533 434 596 Exsecutus
449 553 520 594 sum
534 533 656 615 omnia,
669 553 751 614 quae
765 553 1006 615 proposueram.
1026 531 1136 608 Quodsi
1162 515 1163 600 i

190 622 284 686 docui
316 623 349 684 et
380 619 527 683 Tacitum
558 621 593 683 in
628 619 820 703 pulcerrimo
852 625 1045 705 argumento
1079 643 1137 687 esse

191 713 352 774 versatum
375 712 408 771 et
429 708 550 771 frustra
571 707 667 771 fidem
689 708 776 772 illius
803 709 839 772 in
866 709 998 774 dubium
1025 712 1137 790 vocari,

191 819 295 881 neque
323 796 437 860 debere
464 818 523 860 nos
551 796 723 860 absterreri
745 796 786 860 ab
815 819 853 861 eo
881 798 1033 882 legendo,
1062 799 1137 882 quod

191 887 320 969 iniquus
351 881 543 948 Christianis
573 883 685 966 fuerit;
721 887 754 948 et
784 885 906 969 puerile
942 907 1026 970 esse,
1061 889 1138 970 quod

192 974 321 1057 quidam
344 972 383 1036 do
406 972 600 1036 obscuritate
623 973 723 1056 ipsius
747 975 779 1036 et
807 973 980 1057 asperitate
1009 996 1137 1058 conque

191 1065 319 1142 runnu,
347 1063 379 1124 et
401 1059 557 1144 desipere,
585 1061 640 1144 qui
662 1082 735 1124 eum
758 1061 841 1124 male
864 1060 979 1126 Latine
1001 1063 1138 1128 locutum

191 1152 321 1232 putant:
349 1167 469 1230 quaeso
497 1149 703 1233 obtestorque
726 1170 796 1232 vos,
823 1171 865 1213 ne
888 1149 1032 1214 oblatam
1053 1153 1138 1216 vobis
1163 1175 1164 1226 f

191 1237 253 1302 hoc
288 1241 431 1319 tempore
468 1237 635 1302 evolvendi
675 1237 943 1321 praestantissimi
980 1240 1164 1323 scriptoris

192 1325 405 1410 occasionem,
426 1324 550 1390 frustra
568 1347 639 1389 eam
661 1325 808 1392 fortassis
827 1327 904 1392 olim
927 1326 1139 1412 desideraturi,
1163 1331 1164 1362 l

192 1414 360 1481 amittatis.
1043 1429 1045 1434 '
1163 1439 1164 1458 ¹

232 1802 315 1864 CUM
336 1803 632 1864 INTERPRETARI
654 1805 866 1866 INCIPERET
889 1805 1106 1868 EPISTOLAS

460 1908 626 1971 cunonis
648 1912 703 1970 AD
726 1911 914 1973 ATTICUM.

477 2063 688 2148 ORATIO
718 2065 854 2147 XVII.

277 2239 394 2282 HABITA
408 2242 513 2282 ROMAE
527 2243 630 2282 eamne
644 2242 713 2284 NON.
726 2243 878 2284 novam.
892 2243 1058 2284 mnnxxxn„

256 2380 381 2447 Ludere
409 2383 600 2467 quibusdam
631 2386 779 2450 fortassis
807 2389 839 2450 et
871 2385 990 2450 devexa
1017 2387 1084 2450 iam
1111 2388 1146 2450 in

190 2471 315 2534 senium
342 2474 448 2535 aetate
476 2493 621 2538 caussam
648 2473 813 2538 minuendi
844 2474 964 2538 laboris
992 2495 1146 2557 quaerere

189 2557 334 2641 videbor,
371 2560 426 2642 qui
456 2583 557 2645 usque
592 2562 728 2626 antehac
759 2562 794 2626 in
825 2561 1023 2646 gravissimis
1054 2584 1146 2645 prae-

189 2646 461 2713 stantissimorum
485 2651 676 2734 scriptorum
695 2650 786 2714 libris
805 2671 928 2734 eorum,
951 2651 1006 2734 qui
1030 2650 1071 2713 ad
1095 2671 1147 2712 me

189 2735 407 2821 ventitabant,
435 2737 627 2802 industriam
654 2759 799 2802 exercere
827 2739 941 2803 solitus
967 2737 1031 2802 hoo
1057 2759 1146 2801 anno

190 2819 352 2888 Ciceronis
390 2827 544 2909 epistolas
581 2827 625 2890 ad.
657 2825 802 2892 Atticum
838 2827 918 2890 mihi
954 2826 1149 2909 sumpserim

188 2910 455 2995 interpretandas.
504 2913 556 2978 Ita
596 2915 682 2978 enim
722 2915 820 2999 vulgo
861 2935 1052 2998 persuasum
1088 2917 1150 2995 est,

188 3021 317 3064 omnem
353 3002 562 3085 epistolarum
598 3002 769 3067 lectionem
809 3003 878 3066 leve
920 3002 1072 3085 quiddam
1109 3023 1152 3064 ac

139 3162 143 3170 ἱ
183 3087 345 3152 ludicrum
369 3111 450 3175 csse,
474 3091 640 3175 magisque
664 3090 704 3153 ad
727 3090 864 3174 pueriles
888 3090 1014 3155 animos
1038 3089 1152 3171 aliquo

181 3172 370 3240 'litterarum
406 3183 504 3262 gustu
535 3178 739 3262 imbuendos,
776 3199 873 3262 quam
904 3178 945 3241 ad
976 3177 1155 3242 retinenda

180 3261 373 3340 graviorum
395 3266 537 3330 virorum
560 3267 667 3332 studia
689 3266 973 3332 accommodatum.
1010 3266 1061 3331 De
1085 3287 1153 3350 qua

183 3345 355 3431 opinione,
378 3371 454 3415 vera
476 3374 577 3416 necne
601 3355 656 3438 sit,
680 3375 868 3438 quaeremus
891 3357 1014 3438 postea.
1051 3353 1158 3418 Nunc

186 3429 250 3530 hoc
273 3432 358 3499 dico:
381 3435 409 3498 si
431 3440 568 3502 maxime
585 3440 702 3525 fatear,
726 3443 898 3525 quaesiisse
917 3463 967 3504 me
986 3443 1160 3506 rationem

183 3518 343 3604 ahquam,
373 3542 436 3604 qua
464 3527 532 3587 sine
560 3527 626 3590 ulla
649 3529 799 3594 utilitatis
827 3529 974 3613 publicae
1003 3531 1161 3595 deminu-
