2330 3944
388 214 524 270 ounrro
543 215 590 270 ιιι.
924 218 967 284 95

34 356 150 446 Ennfi*)
178 361 276 426 verbo
303 364 391 446 utar,
423 365 456 425 et
486 361 743 446 intelligentibus
770 363 872 446 pluris
899 364 968 429 fieri

34 448 145 532 debent,
177 450 274 535 quod,
306 471 379 514 cum
412 449 593 514 ducti-sint
620 472 637 513 e
665 448 845 516 Stoicorum
878 452 969 517 disci·

34 537 117 621 plina,
148 559 284 621 quorum
316 539 381 602 fuit
410 538 538 622 quidem
571 560 717 602 severum
747 540 895 623 inprimis
928 545 970 625 et,

34 631 60 688 ut
96 625 140 690 ita
185 627 302 711 dicam,
348 627 526 691 masculum
565 627 817 711 philosophandi
858 651 970 715 genus,

35 714 76 776 sed
99 715 247 799 pleraque
274 720 385 780 tamen
411 718 584 799 praecepta
611 715 765 800 rigidiora
788 720 821 781 et
843 740 863 781 a
886 740 970 783 com·

34 804 105 866 nuni
138 803 305 868 hominum
342 807 439 888 captu
474 804 663 868 remotiora:
704 805 751 868 ita
787 826 821 870 se
859 803 970 871 Cicero

34 893 215 976 temperavit,
248 896 285 956 ut
316 893 357 956 ab
391 892 468 974 illis,
505 914 586 978 quae
618 893 758 958 absurda
790 896 847 960 aut
879 897 971 958 erant

36 983 78 1043 aut
99 980 196 1044 videri
223 983 390 1065 poterant,
422 981 627 1064 abstinuerit,
660 982 831 1066 omniaque
859 983 900 1046 ad
928 984 970 1046 ci·

35 1069 89 1132 vilis
108 1069 192 1134 vitae
215 1069 454 1136 institutionem
477 1074 554 1154 apta
577 1072 611 1134 et
633 1071 875 1136 accommodata
897 1093 970 1156 pro·

36 1157 132 1222 tulerit.

86 1244 141 1312 Sed
164 1247 204 1311 de
228 1249 363 1332 caussis,
386 1269 443 1314 cur
464 1247 500 1312 hi
522 1248 597 1313 libri
619 1248 714 1314 nobis
737 1249 803 1313 cari
826 1271 864 1313 ae
887 1271 970 1314 oom-

37 1334 154 1399 nendati
176 1357 247 1400 esse
271 1337 424 1421 debeant,
452 1336 579 1401 abunde
602 1337 723 1402 dictum
750 1340 839 1420 puto.
874 1335 971 1402 Nunc

37 1427 184 1507 autequam
221 1426 411 1510 progrediar
446 1426 589 1510 longius,
624 1446 693 1490 non
729 1425 791 1488 erit
822 1425 972 1507 alienum,

37 1510 151 1577 breuiter
168 1514 366 1598 respondere
386 1514 578 1598 quibusdam
595 1512 894 1597 reprehensoribus,
917 1513 973 1596 qui

37 1622 72 1664 ne
94 1623 156 1667 non
182 1605 315 1667 tantum
342 1603 510 1668 absentem
536 1603 572 1666 in
603 1601 730 1666 circulis
758 1606 790 1665 et
817 1602 972 1666 conviviis

38 1688 176 1774 vellicant,
212 1691 269 1756 sed
295 1713 365 1756 esse
392 1691 555 1756 interdum
582 1690 680 1754 etiam
711 1692 875 1775 praesenti
905 1713 972 1756 mo·

38 1776 92 1842 lesti
127 1781 245 1846 solent.
293 1780 398 1845 Aiunt
439 1779 525 1844 enim
565 1800 735 1864 perperam
770 1779 876 1844 facere
912 1801 973 1863 me,

40 1867 79 1947 qui
100 1889 166 1934 cum
192 1870 302 1934 iussus
330 1869 404 1953 sim,
431 1871 589 1952 quantum
615 1868 744 1952 quidem
770 1867 854 1932 vires
882 1889 972 1932 meae

41 1953 137 2044 ferunt,
176 1957 384 2041 eloquentiae
425 1958 597 2041 praecepta
636 1955 777 2039 tradere,
817 1955 974 2020 eiusmodi

41 2045 125 2108 tanen
147 2046 220 2112 fere
252 2045 352 2112 libros
379 2046 585 2129 interpreter,
616 2044 671 2127 qui
698 2065 766 2108 non
797 2047 865 2107 tam
891 2044 974 2108 bene

43 2129 140 2199 dicendi
180 2157 283 2220 quam
318 2135 400 2199 bene
436 2133 565 2199 vivendi
600 2136 774 2216 praecepta
809 2133 974 2196 continere

41 2219 190 2288 adeantur.
251 2221 355 2298 Quam
394 2221 689 2307 reprehensionem,
735 2222 763 2285 si
805 2221 975 2286 ambitioni

43 2328 109 2374 neae
128 2313 249 2377 serviro
272 2312 401 2394 uellem,
426 2332 594 2395 nunquam
617 2309 765 2393 equidem
786 2310 974 2374 refellerem.

43 2394 103 2470 Quid
130 2402 220 2466 enim
251 2421 321 2466 esse
353 2400 433 2466 mihi
465 2399 636 2485 gloriosius
667 2402 788 2483 potest,
820 2420 917 2482 quam
948 2399 975 2462 si

43 2486 121 2573 roba,
158 2490 308 2574 iuvenes,
348 2511 386 2554 ea
426 2492 599 2574 praecepta
639 2487 782 2571 quotidie
817 2487 976 2551 instillare

42 2572 117 2660 dicar,
138 2579 258 2663 quibus
280 2600 349 2644 non
375 2581 444 2642 tam
471 2577 575 2642 oratio
588 2611 591 2622 ·
604 2576 763 2659 comptior
789 2597 886 2659 quam
908 2575 976 2639 vita

43 2664 129 2729 mehor
153 2666 238 2732 fiat?
279 2665 306 2731 Ο
333 2665 507 2731 benevolos
534 2663 782 2748 reprehensores
810 2668 843 2727 et
870 2663 977 2727 existi·

43 2753 151 2819 nationi
183 2776 277 2820 meae
309 2755 442 2819 amicos!
479 2776 499 2819 o
531 2752 814 2836 reprehensionem
846 2751 978 2816 cuilibet

43 2837 108 2905 laudi
140 2843 416 2928 anteponendam!
462 2841 539 2918 Quis
575 2862 644 2906 non
680 2862 735 2906 eos
771 2863 791 2904 a
823 2861 874 2904 me
905 2840 978 2923 ipso

45 2931 184 3013 appositos
209 2936 306 3016 atque
330 2933 488 3016 allegatos
515 2929 632 3015 putet?
667 2927 754 2994 Nam
782 2928 978 2993 orichalcum

46 3037 86 3094 pro
113 3042 204 3105 auro,
237 3023 295 3084 aut
326 3020 446 3086 vitrum
473 3041 532 3104 pro
560 3039 688 3104 gemma
715 3017 743 3081 si
770 3017 841 3100 quis
868 3015 979 3079 vendi-

46 3102 115 3192 derit,
140 3109 271 3192 merito,
297 3111 336 3172 ut
356 3107 537 3193 improbus,
564 3108 744 3188 accusatum
772 3125 887 3169 aurum
909 3104 979 3188 qui·

46 3191 97 3258 den
128 3220 187 3281 pro
222 3197 397 3281 orichalco,
433 3201 490 3262 aut
521 3216 684 3280 gemmam
714 3215 773 3278 pro
805 3192 890 3258 vitro
923 3193 979 3277 qui

21 3277 156 3371 'dederit
187 3308 284 3352 nemo
317 3308 364 3370 se,
399 3285 435 3350 ni
470 3284 581 3369 fallor,
617 3283 658 3348 ab
692 3303 730 3347 eo
763 3282 910 3348 delusum
942 3302 980 3345 ae

46 3367 191 3456 deceptum
232 3377 455 3459 conqueratur.
505 3369 569 3438 Sed
608 3392 650 3436 ne
690 3371 762 3456 quis
803 3371 847 3437 sit
882 3391 981 3453 error,

84 3565 175 3632 ’poia
195 3567 277 3624 Tuae.
296 3566 368 3637 disp.
387 3566 409 3621 1.
427 3571 454 3622 9.
