2330 3944
202 184 265 272 134
559 173 693 260 oliuo
712 205 788 260 xm.

199 353 421 429 narrationem,
448 351 481 418 id
508 353 557 414 est
589 342 778 428 διεξοδικὴν
799 344 855 409 καὶ
876 347 1003 428 συνεχῆ.
1039 348 1117 413 Diffu-

200 463 269 504 sam
301 440 442 523 quidem,
477 439 629 523 quoniam
661 440 716 524 qui
748 461 872 506 summa
907 440 1009 524 capita
1035 442 1137 500 rerum*

199 529 358 612 colligunt
380 549 479 611 eaque
502 527 586 591 nude
610 549 647 592 ac
675 529 860 611 simpliciter
887 530 1072 612 proponunt,
1093 531 1117 588 ut

204 615 328 700 Florus,
350 614 541 699 Eutropius,
564 613 710 700 Orosius,
734 615 906 701 Sulpicius,
929 637 994 681 non
1013 619 1071 678 tarn
1084 614 1117 676 hi-

201 704 317 768 storias
341 703 477 768 scribere
500 703 625 768 dicendi
648 708 737 787 sunt,
760 727 856 788 quam
871 704 1117 784 summariaquoe·

202 792 359 876 damant,
377 795 414 856 ut
427 791 616 857 vetustiores
630 793 858 877 loquebantur,
876 791 1029 858 breviaria
1043 790 1118 852 histo·
1137 835 1138 842 κ

201 881 334 963 riarnm3
358 880 578 944 continuatam
596 885 717 966 autem,
738 885 775 946 ut
793 880 959 946 Valerium
975 879 1118 944 Maximum

202 973 235 1032 et
266 969 345 1032 alios
382 969 449 1032 eius
481 970 661 1054 exemplum
692 973 818 1034 secutos
851 971 891 1033 ab
928 968 1120 1033 historicorum

203 1077 335 1120 numero
363 1055 570 1120 excluderem.
611 1056 722 1142 Longe
750 1058 836 1122 enim
863 1057 950 1122 aliud
977 1059 1023 1120 est
1045 1055 1119 1118 histo·

202 1144 283 1206 riam
302 1143 453 1227 scribere,
472 1143 558 1208 aliud
577 1147 721 1229 exempla
735 1146 851 1210 similia
865 1167 904 1209 ex
926 1143 1059 1208 historiis
1076 1142 1120 1204 col-

202 1231 286 1295 lecta
308 1231 367 1296 sub
389 1253 469 1316 uno,
492 1232 577 1316 quod
599 1233 647 1298 illi
668 1233 826 1318 fecerunt,
849 1233 1001 1316 adspectu
1022 1249 1121 1314 ponere.

268 1318 425 1384 Probasse
452 1342 503 1384 me
530 1320 622 1386 vobis
650 1321 788 1386 arbitror
810 1322 895 1404 quod
918 1319 1065 1404 principio
1083 1338 1122 1400 po·

205 1430 343 1492 sueram,
378 1408 543 1473 histo.·iam
582 1429 651 1473 esse
686 1429 792 1474 rerum
827 1409 955 1493 publice
991 1410 1123 1493 gestarum

204 1496 353 1560 diffusam
379 1499 412 1559 et
438 1497 658 1561 continuatam
689 1497 916 1562 narrationem.
957 1494 1073 1578 Cetera,
1097 1492 1123 1554 de

205 1584 320 1666 quibus
343 1583 445 1646 dicere
468 1584 683 1668 institueram,
706 1621 747 1632 -
771 1588 848 1650 sunt
870 1589 978 1650 autem
999 1584 1080 1648 haec:
1097 1580 1123 1642 de

203 1671 328 1753 legibus
350 1671 386 1732 in
406 1670 542 1734 historia
564 1673 741 1756 servandis,
768 1673 806 1740 de
829 1673 1050 1758 pulcritudine,
1074 1690 1124 1733 suu·

204 1757 316 1842 vitate,
343 1757 481 1821 utilitate
507 1757 673 1842 historiae,
698 1764 769 1824 tum
797 1761 872 1845 quid
899 1761 1063 1846 praecipue
1087 1758 1141 1821 ob*

205 1867 331 1910 servare
354 1845 503 1930 debeant,
526 1847 581 1930 qui
602 1847 754 1913 historias
776 1850 902 1935 legunt,
927 1887 969 1896 -
992 1871 1027 1913 ea
1051 1846 1126 1930 igitur

206 1937 238 1998 et
261 1934 299 1998 de
322 1935 393 2018 ipso
417 1932 567 2000 Sallustio
591 1936 747 2019 quaedam
770 1939 902 2023 cognitu
926 1939 1035 2024 digna,
1054 1955 1088 1999 ne
1105 1936 1128 1995 et

205 2022 297 2088 vobis
324 2023 489 2087 molestiae
516 2028 548 2088 et
575 2025 646 2088 aliis
673 2025 901 2109 impedimento
927 2028 1000 2110 sim,
1025 2026 1057 2090 in
1079 2043 1142 2096 cra-i

207 2111 329 2175 stinum
352 2109 545 2176 differentur.

272 2197 349 2262 Non
375 2198 500 2281 dubito,
527 2197 562 2262 L.
591 2197 625 2265 O.
654 2200 694 2266 V.
721 2200 765 2285 P,
798 2203 888 2286 quin,
916 2201 1129 2287 quicunquetr

206 2285 270 2348 huc
286 2285 419 2350 honoris
441 2287 504 2350 mei
527 2307 639 2352 caussa
661 2290 786 2353 venisse
808 2290 932 2375 vident,
956 2296 989 2356 et
1009 2287 1130 2356 humani·

206 2375 308 2437 tatem
331 2393 407 2458 erga
429 2395 480 2436 me
502 2377 592 2438 tuam
614 2376 822 2462 admirentur,
848 2381 881 2442 et
902 2401 954 2444 mc
978 2380 1036 2445 tibi
1056 2375 1131 2462 pluri·

206 2483 295 2524 mum
322 2481 359 2524 eo
387 2461 515 2525 nomine
547 2463 662 2529 debere
694 2466 898 2531 arbitrentur.
944 2467 1016 2553 Ego
1047 2470 1133 2530 auten

207 2548 345 2632 ingenue
368 2548 473 2614 fateor
494 2550 596 2617 nihilo
618 2574 669 2618 me
692 2553 751 2618 tibi
774 2559 945 2640 propterea
968 2572 1133 2637 essequam

208 2640 303 2700 antea
325 2636 448 2700 fueram
471 2639 705 2706 devinctiorem.
733 2639 793 2706 Cui
815 2644 901 2708 enim
920 2645 1030 2710 omnia
1046 2641 1135 2718 debeo,

207 2724 282 2807 quid
302 2725 331 2788 ei
349 2725 413 2789 iam
432 2726 544 2790 debere
563 2729 700 2813 amplius
717 2731 861 2812 possim?
893 2731 1000 2808 Quare
1018 2753 1057 2796 ne
1073 2725 1135 2792 illud

207 2812 335 2895 quidem
357 2812 436 2876 mihi
459 2814 634 2880 curandum
657 2819 750 2900 puta,
776 2822 813 2884 ut
835 2819 895 2883 tibi
918 2820 1072 2904 exquisito
1093 2815 1135 2879 ali-

207 2921 271 2983 quo
299 2900 453 2964 orationis
482 2923 597 2987 genere
624 2905 745 2988 gratias
778 2925 881 2990 agam.
925 2907 995 2972 Ista
1007 2907 1137 2984 ''faciant

207 2989 262 3070 qui
281 3011 314 3052 se
333 2993 463 3074 accepta
480 2990 636 3054 beneficia
654 2991 759 3056 verbis
778 3014 953 3078 exaequare
971 3011 1064 3079 posse
1078 3013 1136 3057 con·

207 3076 319 3140 fidunt.
351 3077 432 3142 Mihi
454 3078 519 3142 iam
541 3079 664 3162 pridem
686 3080 836 3164 adempta
858 3102 895 3146 ac
917 3084 1061 3166 praecisa
1080 3101 1139 3164 spes

207 3164 312 3226 omnis
330 3169 379 3228 est
398 3165 570 3250 quidquam
589 3168 804 3254 excogitandi,
824 3170 909 3254 quod
926 3170 991 3235 tuis
1011 3191 1084 3256 erga
1100 3187 1139 3232 rue

206 3249 493 3317 innumerabilibus
517 3255 637 3320 meritis
660 3257 727 3321 ulla
749 3279 787 3322 ex
809 3261 901 3342 parte
923 3259 1117 3344 respondeat.

602 3432 760 3443 ——u—
