2360 3944
187 188 230 252 52
569 187 704 242 ORATIO
723 187 757 241 V.

187 335 281 398 ficere
304 354 399 418 posse
419 331 639 397 contendant?
681 329 742 406 Qui
762 333 789 396 si
806 333 984 415 periculum
1003 333 1145 396 facerent

186 423 263 506 ipsi,
291 443 388 505 quam
410 443 478 486 non
502 421 717 504 quarumlibet
739 420 856 484 virium
880 421 921 484 sit
943 443 1066 484 munus
1088 422 1145 485 hoc

187 511 247 593 ita,
269 514 307 574 ut
329 532 389 575 nos
412 509 562 593 facimus,
590 510 748 572 sustinere
772 513 805 572 et
827 510 969 593 exsequi,
998 509 1145 573 fortassis

188 599 386 682 experientia
413 598 530 663 edocti
545 599 651 662 minus
679 598 718 661 de
742 619 776 662 se
800 598 882 662 elate
910 619 947 661 ac
974 598 1146 682 magnifice

189 688 361 771 sentirent,
388 687 495 751 minus
519 687 558 751 de
581 686 652 750 aliis
674 686 828 750 maledice
852 687 1146 769 contumelioseque

187 776 404 860 loquerentur.
455 774 517 840 Sed
550 775 735 839 omittamus
767 775 855 839 istos
908 773 1032 839 Nescio
1066 776 1146 838 euim

188 865 371 948 quomodo
399 864 608 947 factumest,
635 867 685 946 ut,
712 863 751 926 de
777 885 812 926 re
840 862 944 927 dicere
971 864 1147 948 ingressus

189 953 228 1017 de
251 975 302 1018 me
329 954 543 1036 pluraquam
565 953 729 1016 volueram
753 952 899 1036 dixerim,
928 953 1017 1036 quod
1045 953 1146 1036 ipsum

188 1045 226 1104 ut
240 1042 392 1124 facerem,
406 1041 608 1124 quorundam
622 1063 672 1105 me
688 1041 869 1125 hominum,
884 1063 964 1125 quos
978 1041 1146 1105 nominare

188 1129 273 1192 nihil
295 1151 425 1194 necesse
448 1131 567 1214 habco,
588 1130 743 1214 iniquitas
766 1131 881 1215 co'e'git.

255 1216 428 1282 Difficilior
445 1239 518 1282 cum
536 1219 582 1283 eis
605 1219 739 1284 luctatio
763 1222 825 1303 est,
848 1219 903 1302 qui
923 1221 1064 1304 negant,
1087 1239 1144 1282 ser-

188 1307 339 1371 monibus
357 1307 478 1370 nostris
493 1329 685 1391 quemquam
704 1307 745 1372 ad
763 1308 915 1372 virtutem
936 1307 1084 1389 incitari,
1105 1305 1145 1368 id-

188 1417 251 1478 que
275 1417 314 1459 ex
336 1418 374 1461 eo
398 1396 568 1480 colligunt,
591 1397 677 1480 quod
697 1397 883 1480 saepissime
904 1396 1083 1481 contingit,
1104 1398 1144 1474 ut,

189 1485 244 1566 qui
272 1486 393 1568 optime
419 1486 609 1568 loquuntur,
636 1485 772 1568 pessime
799 1485 919 1549 vivant.
973 1484 1008 1549 N
1010 1506 1048 1549 os
1075 1503 1144 1547 vero

189 1572 218 1634 si
241 1571 431 1656 diceremus,
459 1595 530 1637 eam
556 1573 592 1636 in
615 1573 887 1656 disputationibus
914 1571 1142 1657 philosophicis

188 1659 294 1722 inesse
317 1661 395 1743 vim,
418 1664 455 1724 ut
478 1682 516 1724 ex
539 1661 738 1724 audientium
759 1663 875 1726 animis
893 1662 974 1726 vitia
994 1661 1142 1726 radicitus

189 1748 338 1831 evellere,
353 1749 552 1831 virtutesque
571 1749 691 1812 eisdem
709 1750 899 1834 ingenerare
917 1753 1067 1834 possent,
1085 1768 1141 1812 me·

188 1836 252 1900 rito
273 1839 311 1899 ut
330 1837 407 1916 vani
430 1840 525 1920 atque
546 1837 654 1920 inepte
678 1839 810 1922 gloriosi
832 1840 1141 1922 reprehenderemus.

188 1923 310 1989 Multas
323 1947 522 2011 magnasque
536 1925 710 2010 mercedes,
724 1931 762 1990 ut
775 1927 822 1990 ait
834 1928 1013 2012 Theognis,
1027 1925 1141 1990 ferrent
1165 1943 1166 1961 ¹

188 2014 389 2100 philosophi,
417 2015 457 2098 si,
480 2015 748 2098 quemadmodum
772 2013 862 2080 Circe
885 2015 995 2080 herbis
1020 2019 1053 2079 et
1075 2033 1140 2077 can·
1164 2037 1165 2055 i

188 2102 277 2167 tibus
300 2105 366 2168 suis
389 2105 536 2168 homines
560 2104 670 2167 statim
689 2105 898 2168 convertebat
920 2105 956 2168 in
978 2104 1079 2185 feras,
1101 2102 1141 2163 ita
1163 2131 1164 2149 1

188 2189 252 2272 ipsi
275 2192 341 2253 suis
365 2191 565 2254 sermonibus
589 2213 627 2254 ex
654 2193 731 2256 feris
758 2192 905 2257 homines
928 2193 1087 2272 facerent,
1112 2187 1139 2249 id
1162 2203 1163 2243 l

189 2280 253 2359 cst,
270 2277 417 2342 homines
435 2278 577 2342 ferarum
596 2280 774 2344 simillimos
794 2281 834 2344 ad
850 2282 1004 2346 virtutem
1024 2303 1043 2344 a
1060 2277 1140 2356 vitio,
1161 2289 1162 2337 l

189 2363 231 2428 ad
244 2366 403 2430 rationem
418 2389 437 2430 a
450 2366 572 2452 furore,
586 2368 627 2432 ad
640 2369 876 2434 humanitatem
891 2371 931 2434 ab
945 2367 1139 2434 immanitate
1160 2369 1161 2432 l

188 2458 386 2519 revocarent.
413 2454 458 2519 Et
476 2459 586 2520 tamen
605 2458 726 2541 aliquid
745 2480 778 2522 se
797 2459 970 2542 aliquando
991 2451 1140 2522 eiusmodi
1158 2459 1160 2534 l

189 2543 331 2615 effecisse
354 2544 577 2628 philosophiae
601 2547 732 2631 gloriari
757 2547 840 2610 licet.
878 2546 1040 2611 Producet
1062 2541 1139 2607 enim

187 2627 396 2696 Polemonem
417 2633 458 2696 ab
476 2633 591 2697 infami
609 2634 676 2698 vita
696 2635 902 2719 moribusque
922 2628 1139 2719 perditissimis

188 2719 230 2783 ad
248 2721 368 2784 bonam
385 2722 513 2807 frugem
528 2721 614 2786 etad
629 2723 832 2788 severitatem
845 2724 941 2788 unica
955 2716 1150 2791 Xenocratis

188 2805 407 2892 disputatione
430 2814 624 2876 revocatum.
674 2810 736 2876 Sed
763 2815 801 2875 ut
830 2833 897 2876 non
924 2831 1082 2896 peraeque
1108 2806 1149 2867 in*

187 2898 339 2963 omnibus
370 2901 491 2984 campis
522 2901 731 2985 agricultura,
760 2901 807 2964 ita
836 2921 903 2964 non
932 2901 967 2964 in
997 2896 1138 2964 omnibus

186 2988 305 3053 animis
328 2989 535 3074 philosophia
556 2989 641 3053 idem
660 2988 768 3052 efficit.
806 2988 891 3053 Illud
910 2989 1038 3072 quidem
1061 2984 1139 3049 certo

185 3079 302 3158 negari
325 3099 393 3142 non
415 3081 537 3162 potest,
561 3081 618 3160 aut
639 3077 763 3142 nullam
786 3078 919 3142 omnino
943 3099 1011 3142 esse
1035 3076 1138 3167 arteni,

184 3175 271 3237 quae
303 3166 470 3230 medeatur
502 3166 631 3250 animis,
664 3187 745 3250 quae
773 3169 895 3250 quanta
927 3167 970 3231 sit
999 3167 1034 3230 in
1058 3158 1143 3225 vitiis

183 3241 391 3334 deformitas,
415 3257 537 3336 quanta
558 3254 594 3316 in
611 3253 730 3316 virtute
751 3253 893 3339 dignitas
916 3255 1041 3336 doceat,
1063 3263 1138 3333 quae

182 3330 230 3396 ab
254 3338 318 3403 illis
339 3344 476 3424 avertat,
499 3340 540 3404 ad
563 3340 648 3404 hanc
670 3341 796 3426 incitet,
819 3347 876 3406 aut
895 3365 968 3408 eum
989 3343 1135 3408 honorem

14 3487 37 3518 μ,
180 3417 417 3512 philosophiae
440 3428 644 3513 potissimum
667 3450 736 3493 esse
759 3431 974 3496 tribuendum.

14 3521 66 3569 Ε’-
257 3515 351 3593 Quod
371 3519 479 3582 autem
494 3517 662 3603 obiiciunt,
685 3519 855 3602 plerosque
879 3518 1131 3604 philosophorum

153 3751 284 3890 k..
350 3892 353 3894 ,
