2330 3944
177 215 239 280 156
541 211 677 268 ORATIO
696 209 769 266 XVI.

174 361 253 425 boni
285 382 322 424 ac
353 359 454 424 fortes
487 359 581 442 plura
608 359 641 422 et
668 355 817 442 graviora
844 356 1049 441 pertulerint,
1078 378 1118 422 eo·

223 449 334 513 overit.

176 467 221 534 gn
242 535 363 611 Quodsi
386 535 458 618 quis
481 535 540 600 sub
559 532 758 617 principibus
778 533 1029 617 corruptissimis
1047 533 1121 598 viros

176 625 334 710 singulari
373 624 492 688 virtute
539 621 702 706 praeditos
744 621 886 686 extitisse
924 643 993 686 non
1032 625 1122 706 putat,

176 733 296 798 magno
324 713 359 776 in
386 731 493 777 errore
519 714 674 775 versatur.
715 708 806 774 Vixit
834 710 893 774 sub
922 709 1063 794 Tiberio,
1090 715 1123 774 ut

177 806 300 866 ceteros
323 804 461 883 taceam,
488 797 710 883 Germanicus,
738 799 789 862 oui
812 819 873 883 ego
901 799 991 862 omni
1019 819 1123 884 genere

176 891 345 954 laudisne
368 911 407 954 ex
428 889 493 952 illis
516 888 645 972 quidem
666 887 829 951 veteribus
846 886 1004 957 Romanis
1027 909 1124 970 quem·
1149 907 1150 918 ¹

177 1000 274 1063 quam
311 981 483 1061 antepono.
533 976 625 1042 Vixit
660 975 720 1040 sub
757 973 893 1040 Claudio
931 973 1064 1059 Seneca,
1098 979 1126 1040 et

178 1066 317 1132 Senecae
354 1085 549 1150 quamquam
589 1065 728 1129 fortasse
769 1086 829 1147 par
864 1085 975 1148 nemo,
1017 1064 1127 1129 similes

176 1159 288 1220 tamen
305 1155 408 1220 multi.
434 1151 575 1219 Neronis
593 1156 682 1218 aas
705 1153 825 1217 multos
847 1152 976 1236 habuit,
1000 1173 1127 1236 quorum
1150 1195 1151 1210 i

177 1244 330 1308 virtutem
361 1243 415 1308 vix
450 1242 553 1327 ipsius
589 1242 669 1306 vitia
701 1245 885 1325 aequarent.
931 1239 1128 1324 Omninoque

177 1333 224 1398 ita
260 1337 322 1418 est,
357 1336 395 1397 ut
430 1331 544 1396 dicam.
592 1329 640 1395 Ut
674 1331 817 1414 palmam
854 1330 946 1394 aiunt
983 1330 1128 1394 adversus

179 1442 292 1506 onera,
319 1421 365 1487 sic
391 1421 493 1486 virtus
516 1418 668 1485 adversus
691 1418 806 1482 vitium
828 1421 1002 1483 contumax
1025 1418 1130 1502 surgit,

179 1513 212 1575 et
246 1515 285 1574 ut
319 1511 354 1574 in
385 1501 511 1574 Aetnae
544 1508 665 1574 montis
697 1507 876 1590 cacumine,
911 1505 968 1570 ubi
999 1507 1130 1570 maxime

178 1598 262 1662 viret
292 1598 434 1680 flamma,
470 1597 604 1662 herbam
637 1617 763 1682 quoque
794 1595 967 1660 finitimam
999 1598 1130 1660 maxime

178 1686 281 1750 virere
317 1685 501 1770 perhibent,
542 1685 633 1768 quasi
668 1686 741 1768 ipsa
777 1705 885 1750 secum
922 1685 1131 1750 contendente

178 1776 297 1839 natura
337 1776 371 1837 et
409 1774 541 1838 nolente
585 1773 817 1838 fecunditatem
858 1772 919 1838 soli
957 1773 1132 1839 vicinorum

179 1863 305 1948 ignium
323 1862 436 1926 ardore
454 1861 611 1946 superari:
635 1862 680 1926 sic
698 1863 901 1946 plerumque,
922 1860 979 1926 ubi
997 1863 1133 1926 maxims

179 1951 259 2016 vitia
278 1951 498 2036 dominantur,
516 1949 673 2014 maximae
691 1951 828 2015 virtutes
846 1955 1033 2034 erumpunt,
1058 1973 1133 2035 quae
1153 1962 1154 2048 q

181 2061 254 2106 oum
285 2041 350 2106 illis
382 2043 545 2104 certamen
582 2039 773 2123 suscipiant,
810 2043 856 2123 ct,
892 2039 920 2104 si
957 2041 1154 2124 superiores

181 2150 250 2194 esse
273 2130 503 2214 nonpossint,
529 2150 598 2192 non
624 2131 734 2193 tamen
760 2127 909 2193 hostibus
936 2128 1003 2192 suis
1026 2128 1134 2194 trium·

180 2218 282 2302 phurn
323 2218 392 2281 sine
433 2216 638 2280 dimicatione
679 2217 866 2281 concedant.
915 2213 991 2281 Non
1027 2216 1136 2302 igitur,

181 2306 209 2370 si
239 2303 384 2389 plerique
419 2303 634 2387 Imperatores
675 2305 784 2370 vitiosi
824 2302 971 2388 fuerunt,
1013 2305 1136 2370 idcirco

181 2393 276 2458 bonis
308 2397 342 2458 et
372 2393 505 2458 utilibus
538 2394 691 2477 exemplis
717 2397 912 2478 temporum,
944 2393 1063 2477 quibus
1094 2393 1138 2458 illi

181 2503 289 2546 rerum
321 2481 417 2566 potiti
449 2485 537 2566 suut,
573 2482 710 2547 historia
742 2482 881 2547 caritura
917 2485 979 2567 est,
1015 2482 1075 2546 sed
1111 2487 1140 2546 et

181 2570 253 2653 ipsa
279 2570 427 2654 improba
454 2571 599 2654 exempla
629 2591 690 2636 nos
720 2571 883 2635 interdum
914 2570 955 2634 ad
986 2570 1140 2636 virtutem

183 2662 313 2742 acuent3
340 2659 498 2724 cautiores
526 2663 612 2724 certe
639 2663 672 2724 et
699 2659 965 2725 consideratiores
988 2659 1141 2725 efficient.

182 2745 233 2812 Ex
255 2747 312 2812 illa
334 2751 490 2832 perpetua
513 2748 717 2812 simulatione
741 2747 873 2834 Tiberii,
901 2769 939 2812 ex
966 2748 1023 2814 illo
1047 2752 1142 2816 vultu

183 2857 221 2900 ao
244 2857 390 2902 sermone
414 2837 477 2901 alia
500 2837 621 2921 omnia,
644 2859 741 2921 quam
760 2859 841 2922 quae
860 2837 1039 2922 cogitabat,
1064 2859 1143 2922 prae

183 2947 217 2991 se
244 2925 368 2991 ferente
397 2925 554 2992 discemus
575 2929 675 2990 caute
702 2947 776 2990 cum
806 2924 1007 3012 principibus
1035 2947 1145 3012 agere,

182 3035 287 3166 ilique
319 3036 456 3124 semper¹
474 3015 604 3117 illorum
635 3014 739 3080 vultui
766 3034 803 3168 ἦα
834 3013 1001 3168 blanditiils
1032 3014 1145 3167 {dere

184 3125 661 3275 ,tizttuzeitltfltttl
679 3123 923 3277 tillut,
938 3123 1148 3278 leitil}

182 3279 298 3363 velint,
337 3279 373 3342 in
413 3301 524 3344 eorum
560 3300 679 3345 arcana
714 3284 891 3363 penetrare.
941 3278 1074 3345 Iurabit
1113 3281 1147 3344 in

184 3365 300 3432 Seiano
327 3365 449 3452 videre,
481 3388 577 3450 quam
603 3368 639 3430 in
665 3368 788 3433 lubrico
817 3369 860 3433 sit
888 3389 999 3434 eorum
1028 3373 1147 3453 poten-

182 3456 243 3540 tia,
280 3455 335 3541 qui
371 3476 405 3519 se
441 3455 535 3520 malis
567 3457 690 3521 artibus
723 3456 807 3540 apud
836 3457 998 3540 principes
1032 3459 1148 3524 omnia

182 3564 279 3626 posse
309 3547 433 3611 rentur.
472 3564 631 3627 quamque
667 3565 775 3630 saepe,
811 3545 868 3610 ubi
899 3545 955 3611 diu
987 3546 1024 3609 in
1060 3547 1148 3612 alios
