2330 3944
216 242 278 306 132
577 221 713 295 calmo
734 239 805 294 xm.

213 387 406 471 pernegabo.
451 383 547 448 Nunc
579 385 723 468 singulas
755 385 938 467 propositae
971 384 1135 448 definitionis

213 478 321 560 partes
344 473 528 537 minutatim
551 473 797 541 consideremus.

280 563 426 626 Historia
456 567 500 626 cst
529 562 670 625 narratio
702 582 807 626 reram
838 565 999 643 pataram.
1044 559 1136 624 Omnes

214 651 313 735 igitur
339 651 467 714 fabulae
490 650 710 714 exeluduntur.
746 648 860 733 Neque
887 649 972 712 enim
999 650 1137 713 continent

213 761 264 804 res
301 743 422 824 gestas,
458 737 514 802 sed
545 738 586 801 ad
618 739 699 820 eius,
735 739 790 820 qui
826 737 966 820 scripsit,
1001 737 1137 800 libidinem

213 829 313 912 fictas.
358 827 471 910 Itaque
503 847 606 909 neque
639 825 773 890 Luciani
804 827 904 890 libros
940 847 1089 908 verarum,
1113 831 1137 888 ut

213 918 282 1000 ipse
309 915 422 979 ludens
454 919 560 998 vocat,
591 915 814 978 narrationum
846 935 950 998 neque
977 913 1137 996 Aethiopica

213 1004 380 1068 Heliodori
412 1005 469 1066 aut
494 1003 685 1067 Poemenica
717 1001 822 1088 Longi
854 1006 911 1067 aut
942 1003 1009 1067 eius
1040 1003 1138 1088 generis

214 1094 333 1175 scripta
365 1091 517 1156 historias
551 1113 619 1156 esse
651 1090 806 1173 dicemus,
837 1113 904 1156 non
936 1091 1038 1176 magis
1067 1112 1138 1174 quam

212 1179 402 1244 Heraclidae
438 1178 563 1243 Abarin
607 1183 664 1242 aut
699 1178 863 1244 Aristonis
898 1179 1064 1264 Lyconem.
1103 1177 1138 1242 Ne

213 1267 440 1350 Xenophontis
475 1267 603 1350 quidem
639 1267 738 1331 libros
770 1265 890 1348 Κύρου
928 1265 1073 1338 cordata&
1097 1289 1138 1349 pro

212 1357 348 1421 historia
372 1357 560 1440 acceperim:
583 1360 653 1420 tum
676 1357 717 1419 ob
737 1357 816 1420 alias
835 1376 980 1438 caussas,
1002 1359 1067 1420 turn
1086 1354 1139 1437 quia

212 1445 311 1510 ineis
333 1467 402 1509 non
423 1449 492 1508 tam
514 1466 608 1508 curae
630 1444 693 1508 fuit
711 1443 948 1527 sapientissimo
970 1465 1007 1508 ac
1029 1443 1139 1508 disertis-

213 1534 294 1597 simo
310 1533 471 1616 scriptori,
489 1537 526 1597 ut
544 1555 594 1596 res
613 1555 632 1596 a
647 1531 730 1617 Cyro
745 1536 852 1617 gestas
867 1535 1140 1617 exponeret,quam

211 1624 250 1684 ut
271 1621 365 1684 nobis
389 1622 550 1704 exemplar
567 1622 652 1705 regis
672 1622 760 1686 omni
778 1643 817 1684 ex
834 1625 926 1704 parte
943 1621 1074 1705 perfecti
1089 1641 1140 1703 pro·

211 1713 355 1790 poneret.
388 1707 490 1772 Estne
513 1709 614 1792 igitur
632 1711 737 1774 omnis
756 1732 832 1774 vcra
849 1711 995 1774 narratio
1013 1706 1140 1773 historia?

211 1794 358 1878 Minime3
382 1796 437 1860 sed
456 1817 494 1860 ea
511 1799 651 1881 tantum,
672 1819 733 1881 que
752 1803 923 1863 astrorum
939 1799 1140 1880 pabtioepesta

210 1905 290 1948 ram.
317 1883 395 1949 Non
413 1885 498 1949 enim
513 1886 669 1950 oratorias
683 1888 899 1970 narrationes,
917 1887 1017 1950 etiam
1035 1887 1059 1950 si
1072 1905 1141 1949 verae

212 1973 290 2055 sint,
322 1973 474 2039 historias
506 1975 705 2058 vocabimus3
736 1997 840 2060 neque
868 1975 925 2038 illa
952 1971 1142 2056 Ciceronis*):

211 2063 293 2128 Milo
324 2065 449 2128 mmmm
479 2065 573 2142 venit,
609 2064 721 2129 cahem
755 2085 792 2128 ec
821 2065 1002 2130 casamenta
1031 2063 1142 2134 mutual,

210 2153 391 2233 paullisper,
422 2157 459 2214 at
488 2153 539 2232 ptr,
569 2153 643 2217 dam
674 2173 705 2218 se
726 2173 811 2217 tamor
837 2159 1010 2235 comparat,
1041 2171 1143 2217 mmmc-

210 2245 299 2303 ratas
321 2245 376 2316 est,
400 2242 457 2302 aut
480 2240 595 2302 similia
618 2240 658 2303 ad
681 2236 849 2305 historiam
876 2242 1038 2325 pertinere
1060 2259 1143 2305 oense·

211 2327 325 2391 bimus.
365 2324 479 2409 Neque
511 2326 738 2412 Philostratus
769 2351 841 2394 cum
873 2331 976 2395 vitam
1003 2325 1145 2414 Apollonii

212 2418 269 2478 aut
302 2411 540 2497 Sophistarum,
575 2439 679 2500 neque
711 2417 857 2482 La‘e'rtius
890 2423 948 2482 aut
980 2418 1145 2502 Hesychius,

211 2523 284 2566 oum
312 2503 396 2566 vitas
424 2502 703 2590 philosophorum,
731 2527 834 2589 neque
856 2506 1063 2591 Plutarchus,
1088 2504 1145 2570 Sue-

210 2591 333 2674 tonius,
351 2589 509 2655 Aemilius
527 2591 664 2676 Probus,
683 2593 837 2659 Aelianus
842 2647 851 2680 ,
870 2595 1086 2681 Lampridius
1103 2591 1146 2657 Ca·

210 2679 378 2763 pitolinus,
402 2701 475 2743 cum
496 2681 579 2744 vitas
602 2682 832 2765 imperatorum
854 2688 911 2748 aut
929 2686 1065 2750 aliorum
1082 2683 1146 2747 virc-

209 2788 282 2830 rum
303 2767 477 2832 illustrium
500 2769 686 2854 seriberent,
708 2771 877 2836 historiam
900 2775 1064 2859 scripsisse
1084 2770 1147 2836 iudi·

210 2855 304 2918 candi
336 2860 421 2920 sunt.
464 2856 560 2921 Aliud
587 2862 637 2922 est
662 2860 750 2924 enim
780 2861 863 2927 vitas
896 2863 1048 2946 scribere,
1078 2856 1148 2924 aliud

208 2942 387 3032 historiam.
420 2943 482 3022 Qui
500 2945 600 3010 vitam
618 2947 752 3012 alicuius
767 2950 890 3033 scribit,
909 2951 1013 3034 qualis
1033 2949 1145 3033 quisqu·

209 3030 297 3114 domi
315 3032 427 3116 fuerit,
450 3033 553 3117 qualis
576 3035 611 3098 in
629 3058 774 3120 uxorem,
797 3039 901 3120 qualis
919 3040 955 3102 in
977 3039 1104 3118 liberos,
1123 3057 1144 3096 ιι

208 3119 398 3205 familiares,
421 3123 455 3185 in
473 3122 631 3208 hospites,
654 3146 717 3210 quo
741 3125 827 3190 victu
851 3148 888 3190 ac
911 3128 998 3190 cultu
1023 3122 1149 3209 corpori

209 3227 286 3305 usus
310 3209 366 3291 sit,
390 3214 537 3275 accurate
561 3233 598 3276 ac
621 3212 791 3298 diligenter
814 3215 959 3300 exponit3
987 3215 1043 3298 qui
1065 3213 1140 3277 histo

208 3313 304 3376 riam,
332 3295 411 3360 haec
434 3299 543 3362 omnia
566 3304 622 3364 ant
648 3303 888 3386 praetermittit,
916 3307 973 3367 aut
998 3303 1034 3366 in
1062 3319 1142 3365 acces

208 3381 310 3446 sionis
342 3383 412 3448 loco
446 3387 537 3469 quasi
569 3389 655 3452 alind
687 3412 787 3477 agens
819 3391 955 3456 strictim
981 3393 1014 3455 et
1040 3389 1147 3456 modic

261 3543 287 3641 l)
306 3589 357 3643 pro
375 3574 479 3660 Milone
500 3585 540 3633 10.
561 3564 601 3634 28.
