2326 3942
377 170 556 226 EPISTOLA
574 172 595 228 l.
941 172 963 236 3

37 315 131 398 gaudis.
173 314 259 379 Nam
282 319 409 398 praeter
431 335 565 399 pancas,
588 339 668 401 quas
695 316 870 382 familiares
895 319 962 401 qui-

35 403 90 466 dam
108 403 167 466 mei
188 404 433 488 descripserant,
456 408 579 470 ceterae
593 407 634 470 ab
653 405 693 470 iis
715 406 805 490 ipsis,
828 405 868 470 ad
883 427 963 489 quos

34 491 126 555 nissae
147 495 247 576 erant,
269 495 327 557 aut
345 494 385 558 ab
409 493 459 577 iis,
481 493 517 557 in
531 515 667 578 quorum
689 516 804 560 manus
827 495 963 558 mortuis

32 579 92 662 ipsis
122 585 346 666 pervenerant,
382 582 600 666 corrogandae
633 583 787 667 quasique
820 581 963 646 ostiatim

33 667 240 752 conquirendae
271 669 410 736 fuerunt.
457 669 543 746 Quas
574 693 642 735 non
668 671 735 734 ullo
765 670 875 735 ordine
907 675 964 734 aut

32 777 215 838 personarum
243 762 299 823 aut
325 763 521 843 temporum,
549 755 777 844 (nequeenim
806 779 857 824 res
879 759 964 822 tanti

32 845 194 932 udebatnr,)
219 847 277 912 sed
304 851 341 912 ut
363 868 508 932 quaeque
536 847 635 911 allata
657 851 739 930 erat,
767 849 799 910 et
822 868 895 911 cum
918 847 963 910 eis

32 935 177 999 nonnullas
210 936 252 1000 ad
283 957 334 1000 me
367 958 386 1000 a
417 936 494 1001 viris
527 935 673 1000 doctrina
705 939 738 1000 et
774 935 965 1000 auctoritato

29 1023 245 1104 praestantibus
273 1024 408 1107 scriptas
435 1025 471 1088 in
492 1045 593 1088 unum
620 1025 769 1089 volumen
792 1043 963 1109 congeren-

31 1109 71 1172 das
98 1113 216 1195 cnravi,
244 1117 281 1176 ut
311 1115 386 1178 tuae
417 1114 469 1177 vel
499 1113 658 1178 voluntati
691 1114 882 1197 obsequerer
914 1112 965 1175 vel

29 1200 190 1264 auctoritati
223 1201 486 1284 obtemperarem.
527 1201 668 1265 Tantum
699 1201 785 1265 enim
822 1203 854 1264 et
886 1200 963 1264 ami-

30 1287 101 1350 citiae
127 1292 260 1354 nostrae
283 1293 316 1353 et
346 1290 535 1374 prudentiae
558 1293 632 1354 tuae
655 1289 691 1353 in
717 1289 866 1353 maximis
895 1310 964 1352 mu-

28 1375 133 1442 neribus
169 1377 311 1462 publicis
344 1378 499 1443 obeundis
539 1378 605 1442 iam
641 1377 766 1460 pridem
802 1379 964 1459 spectatae
1017 1435 1022 1448 ,

28 1465 124 1550 tribuo,
150 1471 191 1530 ut
217 1467 308 1530 nulla
329 1467 421 1532 inre
448 1467 510 1531 tibi
537 1470 594 1530 aut
615 1466 737 1530 volenti
762 1484 881 1549 negare
909 1468 966 1528 aut

28 1554 151 1619 suadenti
176 1555 405 1620 adversarifas
426 1559 546 1639 putem·
575 1553 679 1630 Quare
703 1554 780 1639 quid
803 1576 822 1616 a
844 1573 895 1616 me
909 1575 964 1636 po-

27 1644 112 1727 stules,
135 1647 197 1708 aut
211 1643 289 1728 quid
309 1665 361 1708 me
374 1644 478 1709 facere
497 1645 619 1727 iubeas,
632 1643 702 1727 ipse
716 1641 847 1707 videris:
871 1645 965 1723 certe,

27 1731 158 1818 quidquid
195 1733 421 1817 postulaveris,
454 1732 540 1818 quod
568 1731 696 1818 quidem
722 1731 758 1794 in
788 1751 839 1794 me
868 1729 965 1794 situm

26 1820 62 1902 sit,
81 1822 297 1906 consequeris.
324 1819 395 1886 Hoc
419 1826 527 1885 autem
550 1820 699 1905 aequiore
720 1819 827 1882 animo
851 1839 966 1900 passus

27 1928 80 1972 sun
103 1914 214 1974 extare
238 1910 364 1994 aliquas
392 1910 545 1994 epistolas
575 1930 677 1991 meas,
700 1907 785 1992 quod
809 1905 966 1992 quaedam

25 1999 112 2063 multis
140 2001 210 2063 iam
240 1998 358 2063 abhinc
382 1999 475 2063 annis
498 1999 602 2062 editae
631 1999 706 2061 sunt
728 2017 787 2079 pro
810 1993 904 2077 meis,
927 1993 966 2056 de

26 2086 120 2166 quibus
144 2087 327 2152 scribendis
350 2107 474 2172 egone
496 2109 553 2170 per
574 2085 735 2150 somnium
758 2082 886 2168 quidem
908 2103 965 2144 un-

24 2196 100 2254 quam
123 2176 278 2262 eogitavi.
306 2172 512 2240 Confinxerat
525 2195 580 2239 eas
593 2175 621 2238 is
640 2174 718 2257 ipse,
742 2172 796 2257 qui
810 2175 966 2254 tanquam

24 2283 97 2326 ame
120 2265 163 2329 ad
182 2286 218 2330 se
237 2263 354 2328 missas
377 2263 606 2349 divulgaverat,
627 2263 724 2326 homo
748 2258 890 2324 eruditus
913 2258 966 2322 ille

22 2351 145 2437 quidem,
175 2353 234 2418 sed
261 2353 427 2436 improbus
455 2355 488 2416 et
512 2354 630 2415 natura
656 2349 792 2415 nocendi
820 2369 857 2412 ac
884 2347 967 2410 male

23 2439 141 2506 laciendi
170 2440 324 2525 cupidus:
352 2462 425 2504 cum
452 2440 591 2524 plurima
618 2442 656 2502 et
681 2437 822 2502 maxima
854 2435 968 2519 officia,

22 2529 119 2610 quibus
144 2553 165 2594 a
189 2551 242 2594 me
267 2529 399 2594 affectus
422 2531 501 2612 erat,
524 2527 657 2592 summis
670 2526 795 2590 iniuriis
819 2545 967 2607 compen-

23 2638 76 2680 sare
88 2619 197 2683 vellet.
231 2617 303 2692 Qua
325 2617 363 2681 de
385 2638 420 2681 re
444 2616 521 2680 olim
544 2637 633 2680 ame
657 2615 797 2700 graviter
820 2613 967 2696 obiurga-

23 2711 60 2769 tus
79 2707 194 2772 multis
215 2727 290 2771 cum
303 2705 452 2790 lacrymis
476 2727 496 2768 a
513 2725 564 2768 me
577 2704 705 2768 veniam
728 2702 830 2788 petiit,
852 2700 967 2783 laqueo

21 2793 102 2877 ligna
125 2794 330 2860 commisisse
345 2814 378 2858 se
401 2793 517 2876 fassus,
539 2792 656 2857 cumei
678 2789 818 2856 sermoni
831 2786 966 2852 Hadria—

20 2902 67 2945 nus
88 2883 263 2948 Turnebus
288 2886 320 2946 et
341 2881 481 2947 Ioannes
495 2881 638 2946 Auratus
661 2881 846 2963 praesentes
869 2877 966 2939 inter-

19 2978 119 3038 essent.
158 2971 225 3038 Sed
248 2971 415 3036 mittamus
437 2971 525 3035 haee.
557 2969 588 3034 A
610 2973 642 3032 te
665 2990 724 3051 pro
748 2965 888 3030 amicitia
910 2985 967 3027 no·

20 3065 73 3122 stra
92 3065 184 3146 peto,
207 3061 263 3124 des
288 3081 430 3144 operam,
453 3081 494 3123 ne
518 3058 594 3144 qnid
616 3057 689 3122 istie
712 3054 886 3119 excudatur
907 3074 967 3136 pro

18 3169 84 3233 neo,
106 3148 200 3236 quod
222 3169 330 3213 meum
351 3171 419 3214 non
442 3147 492 3212 sit.
529 3145 612 3222 Quid
635 3145 721 3210 enim
743 3143 887 3208 futurum
910 3146 968 3226 est,

19 3236 68 3300 uisi
98 3243 289 3312 coerceatur
319 3237 455 3302 istorum
487 3235 633 3318 audacia,
662 3233 717 3318 qui
750 3230 967 3315 superioribus
1015 3281 1017 3286 .

17 3328 172 3392 mensibus
198 3331 313 3410 poema
335 3325 496 3411 quoddam
519 3325 557 3388 de
579 3323 728 3387 laudibus
750 3319 882 3386 loannis
901 3319 967 3382 Au·

19 3415 123 3499 stricci,
147 3415 238 3500 quod
252 3433 312 3499 ego
334 3435 500 3498 nunquam
522 3413 672 3497 legeram,
695 3432 753 3494 pro
768 3431 839 3473 meo
863 3407 967 3472 edide-

18 3503 102 3568 runt?
126 3503 170 3599 in
197 3524 259 3588 quo
284 3503 417 3568 etmihi
441 3507 474 3565 et
496 3502 534 3585 ci,
557 3501 646 3564 cuius
669 3498 749 3562 illud
771 3501 886 3581 poema
909 3499 967 3577 est,

721 3610 734 3655 1
741 3601 756 3634 ³12
