2330 3944
169 185 231 249 106
551 177 688 235 onnrro
707 177 741 233 x.

165 333 252 396 esset
278 349 378 412 eaque
405 326 552 409 vidisset,
579 346 660 409 quac
688 323 741 388 vix
763 322 888 388 homini
911 320 947 386 in
973 321 1031 385 hac
1049 322 1101 384 vita

166 419 273 484 videre
304 417 355 481 fas
387 420 449 496 est,
481 435 522 478 ne
554 415 726 498 propterea
758 411 820 475 sibi
852 411 1006 494 placeret,
1038 431 1102 473 nere

166 507 385 587 insolesceret,
409 503 552 568 additum
572 502 633 566 sibi
652 521 721 566 esse
740 501 787 564 ait
805 501 957 584 angelum
977 497 1104 580 Satanae,

167 619 188 660 a
211 617 273 679 quo
298 594 389 678 quasi
412 591 556 676 colaphis
575 590 769 654 caederetur.
796 587 886 653 Haec
903 588 1005 673 igitur
1022 587 1105 671 prima

167 705 282 748 caussa
309 686 367 747 est.
402 680 528 761 Altera,
554 701 596 744 ne
623 678 721 743 ceteri
747 677 901 742 mortales
927 677 963 740 in
986 697 1105 740 errorem

167 772 354 856 trahantur,
376 773 410 835 et
432 769 470 833 de
492 768 733 854 praestantibus
755 766 846 850 viris,
868 787 937 830 non
954 767 993 832 ut
1015 763 1050 828 de
1063 765 1106 828 ho·

168 861 323 943 minibus,
351 859 407 924 sed
433 861 470 922 ut
497 857 536 922 de
563 857 634 922 Diis
662 855 854 940 quibusdam
882 854 1108 918 existimante

169 950 259 1014 ouius
283 948 399 1012 erroris
422 946 563 1030 periculo
587 946 777 1028 liberantur,
802 965 876 1008 cunr
898 944 973 1032 illos
990 961 1109 1028 magnos

169 1042 203 1102 et
226 1036 373 1122 egregios
400 1035 486 1100 viros
513 1034 616 1100 multa
642 1033 767 1119 perpeti
793 1032 918 1115 vident,
945 1051 1028 1116 quae
1053 1032 1111 1095 illos

169 1147 238 1190 non
264 1124 365 1208 DeoS,
398 1123 454 1187 sed
485 1123 633 1187 homines
662 1143 732 1187 esse
764 1121 939 1186 declarant.
983 1119 1066 1185 Nam
1092 1119 1112 1182 si

170 1213 226 1296 qui
253 1213 356 1277 multa
382 1211 468 1276 bella
495 1214 676 1296 gesserant,
703 1210 823 1275 multas
845 1210 942 1275 urbes
965 1229 1112 1294 expugna-

171 1304 298 1386 verant,
324 1302 427 1366 multa
449 1301 618 1366 hominum
640 1300 742 1364 millia
764 1299 962 1381 occiderant,
990 1297 1113 1382 antiqui·

170 1394 224 1454 tus
247 1391 282 1454 in
304 1389 448 1456 Deorum
470 1411 640 1455 numerum
664 1389 764 1453 stulta
786 1389 877 1474 vulgi
901 1387 1054 1472 opinione
1078 1408 1115 1451 re·

171 1479 372 1563 ferebantur,
400 1479 476 1562 quid
498 1479 620 1562 putatis
649 1481 840 1542 eventumm
866 1476 966 1540 fuisse
994 1477 1048 1560 iis,
1073 1475 1115 1559 qui
1153 1525 1154 1558 ,

172 1568 284 1651 verbo,
314 1568 487 1650 quinutu,
515 1568 570 1650 qui
593 1569 757 1650 contactu,
785 1566 840 1650 qui
862 1565 978 1629 umbra
1001 1587 1059 1630 sua
1077 1564 1117 1628 lu·
1153 1567 1154 1598 ¹

172 1657 297 1740 gabant
323 1656 466 1738 morbos,
494 1655 615 1719 claudis
642 1655 816 1737 incessum,
844 1653 949 1719 surdis
977 1653 1118 1735 auditum,
1154 1631 1155 1700 l

172 1744 276 1808 caecis
311 1764 406 1806 usum
442 1743 609 1807 oculorum
644 1744 873 1827 restituebant,
914 1746 1059 1808 mortuos
1091 1742 1120 1804 in
1155 1737 1156 1788 l

172 1831 274 1896 vitam
295 1832 504 1916 revocabant,
531 1831 595 1896 nisi
617 1832 734 1916 vulgus
760 1831 929 1897 hominum
952 1829 1010 1896 eos
1033 1833 1120 1916 ipsos,
1156 1845 1157 1898 l

173 1942 231 2005 per
259 1942 339 2006 quos
366 1924 435 1986 tam
461 1921 564 1986 multa
587 1919 793 1988 admirabilia
821 1939 920 2004 opera
954 1921 1120 1985 edebantur
1157 1951 1158 2000 1

173 2011 308 2095 esurire,
341 2009 443 2095 sitire,
474 2011 596 2096 algere,
628 2013 809 2095 aegrotare,
843 2010 945 2093 caedi,
979 2009 1122 2091 mutilari,

173 2099 379 2183 eiusdemque
399 2099 526 2184 generis
545 2099 609 2164 alia
627 2098 875 2163 innumerabilia
893 2099 1037 2182 quotidie
1058 2098 1123 2162 sub·

173 2188 220 2250 ire
249 2209 286 2250 ac
313 2187 454 2270 perferre
482 2187 637 2252 vidisset?
674 2185 726 2252 Sic
749 2207 876 2272 quoque
905 2188 1050 2272 quamvis
1076 2208 1124 2250 vo·

173 2275 399 2358 ciferarentur,
417 2274 500 2338 nihil
518 2295 629 2340 eorum
647 2297 706 2340 sua
723 2276 843 2341 virtute
860 2276 944 2361 fieri,
969 2273 1125 2341 Christum

175 2383 258 2444 esse,
281 2362 336 2446 qui
358 2384 416 2446 per
439 2362 603 2428 doctrinae
618 2385 694 2429 suae
717 2385 892 2448 praecones
907 2387 945 2430 ca
958 2366 1127 2450 perficeret,

158 2451 228 2514 nix
245 2456 356 2515 tamen
374 2451 527 2536 impedire
546 2456 711 2537 poterant,
733 2475 775 2516 ne
794 2454 855 2518 sibi
874 2454 974 2519 divini
993 2453 1126 2518 honores

174 2539 379 2604 haberentur.
420 2539 472 2604 Ad
499 2540 636 2606 Paulum
664 2541 792 2627 quidem
821 2545 853 2607 et
880 2543 921 2607 ad
948 2541 1129 2608 Barnabam

175 2627 365 2711 Lystrenses
389 2630 561 2714 aliquando
585 2631 683 2695 etiam
704 2634 816 2697 tauros
839 2635 1012 2698 coronatos
1036 2631 1129 2696 addu-

175 2721 303 2800 xerant,
326 2739 407 2801 quos
431 2719 476 2782 eis
493 2723 659 2803 tamquam
678 2719 748 2784 Diis
767 2721 933 2786 immolare
952 2721 1131 2805 cupiebant,

176 2805 239 2870 nisi
261 2806 295 2869 id
318 2807 380 2890 ipsi
403 2828 528 2872 summa
550 2810 583 2874 vi
605 2809 854 2892 prohibuissent.
888 2810 998 2874 Tertia
1021 2829 1132 2874 caussa

176 2898 239 2979 est,
266 2897 304 2960 ut
331 2898 475 2978 potestas
498 2896 560 2962 Dei
586 2901 679 2961 tanto
707 2899 811 2982 magis
840 2897 1050 2983 elucescat*),
1076 2896 1132 2981 qui

177 3006 236 3068 per
262 2983 410 3050 homines
433 2985 622 3068 imbecilles,
649 2986 770 3050 morbis
794 2987 964 3070 obnoxioS,
993 2991 1133 3073 egentes

177 3075 358 3144 carceribus
386 3078 419 3140 et
446 3075 617 3160 ergastulis
645 3075 784 3155 clausoS,
815 3075 951 3140 vinculis
985 3079 1018 3140 et
1049 3096 1133 3139 com·

177 3161 313 3243 pedibus
336 3163 520 3247 impeditos,
549 3163 671 3233 catenis
695 3166 828 3228 onustos
852 3185 890 3228 ea
917 3164 1031 3249 faciat,
1056 3185 1135 3247 quo·

178 3270 251 3312 rum
274 3251 529 3334 magnitudinem
553 3253 650 3316 ceteri
669 3273 780 3316 omnes
799 3252 1038 3338 obstupescant.
1068 3251 1135 3315 lta-

179 3359 241 3424 que
263 3337 383 3403 Paulus
406 3339 474 3422 ipse
498 3360 571 3403 cum
592 3341 697 3405 fessus
716 3339 809 3406 malis
833 3342 973 3426 quodam
991 3346 1137 3427 tempore

253 3533 278 3600 *)
298 3529 400 3586 Elucco
418 3530 550 3583 Latinum
569 3533 624 3596 est,
643 3546 699 3585 non
718 3533 842 3588 eluceseo.
865 3534 976 3590 Ruhnlr.
