2360 3944
383 187 518 244 ORATIO
537 189 611 246 Vlll.
936 191 975 254 77

40 333 207 398 felicitatem
230 337 372 399 vestram
395 335 450 417 qui
472 333 628 398 instinctu
648 334 788 418 quodam
802 335 977 419 afflatuque

40 423 128 487 divino
150 422 193 487 ad
218 443 273 488 eas
296 421 500 506 potissimum
523 425 608 486 artes
632 423 776 488 animum
798 424 978 508 appulistis,

41 511 147 594 quibus,
172 511 240 575 sive
265 511 336 594 quis
359 511 533 576 utilitatem
552 514 718 594 sequetur,
740 511 822 576 nihil
835 512 978 578 fructuo-

39 601 100 684 sius,
119 599 188 664 sire
212 599 474 684 oblectationem,
497 599 579 664 nihil
598 599 729 664 suavius
749 620 786 664 ac
799 600 978 685 iucundius,

40 690 89 752 sive
114 687 321 772 splendorem
353 709 391 754 ec
418 688 681 772 pulcritudinem,
713 687 796 752 nihil
821 688 978 754 illustrius

38 781 80 840 aut
103 777 141 841 ad
170 776 361 842 struendam
387 776 529 846 nominis
556 776 834 842 immortalitatem
855 777 979 842 firmius

39 887 66 927 ac
84 865 229 929 stabilius
252 864 386 949 reperiri
404 867 521 949 potest.
548 863 642 930 Nam
658 865 685 930 si
703 868 826 930 veteres
840 865 901 949 illi,
925 866 980 948 qui

37 975 124 1018 errore
151 953 244 1018 ducti
270 954 380 1038 plures
407 975 476 1018 esse
502 953 590 1018 Deos
618 954 849 1039 opinabantur,
884 975 980 1036 quem

37 1043 131 1126 cuique
159 1063 275 1107 eorum
302 1042 388 1107 diem
411 1045 651 1126 consecrarant,
679 1064 717 1106 eo
744 1041 855 1106 laudes
877 1042 980 1125 ipsius

38 1151 270 1196 commemorare
299 1152 336 1194 ac
368 1132 536 1196 concinere
564 1131 723 1195 solebant:
755 1130 857 1195 multo
884 1130 979 1196 nobis

37 1219 132 1284 iustior
144 1241 263 1284 caussa
277 1222 334 1303 cst,
349 1220 540 1303 quicumque
553 1219 668 1284 iisdem
680 1218 980 1284 honestissimarum

37 1309 136 1372 artium
150 1307 281 1392 studiis,
296 1307 593 1392 quasiquibusdam
616 1307 714 1372 sacris
727 1307 848 1372 initiati
862 1328 981 1390 sumus,

36 1417 94 1460 cum
108 1397 162 1460 hie
180 1396 278 1461 nobis
297 1396 535 1462 anniversarius
554 1396 622 1460 dies
645 1395 804 1459 maiorum
822 1394 981 1478 sapientia

39 1489 63 1546 et
85 1485 277 1550 auctoritate
305 1485 346 1549 ad
372 1484 590 1549 intermissam
618 1505 676 1566 per
703 1483 827 1565 aliquot
854 1503 981 1548 menses

37 1594 131 1638 earum
150 1573 415 1638 exercitationem
433 1574 473 1636 de
490 1573 619 1657 integro
636 1570 845 1655 repetendam
863 1572 981 1636 consti·

37 1665 112 1726 tutus
133 1663 193 1747 sit,
216 1683 274 1726 cur
297 1662 338 1726 ab
361 1683 471 1726 earum
494 1660 772 1726 commendatione
788 1660 982 1743 principium

31 1749 134 1815 -ducere
154 1751 330 1815 debeamus
351 1771 468 1834 easque
486 1749 661 1834 celebrare,
679 1771 759 1834 quas
776 1748 871 1813 nobis
889 1749 981 1814 vicis·

39 1839 87 1902 sim
113 1839 236 1923 aliquid
268 1839 463 1903 celebritatis
496 1839 649 1903 alletums
681 1858 750 1902 esse
782 1837 982 1902 confidimus.

39 1925 207 1992 Meminisse
241 1931 350 1992 autem
363 1926 543 2010 debemus,
573 1926 692 1990 ideirco
719 1925 807 1990 hunc
835 1927 983 1988 sanctum

39 2020 120 2098 atque
140 2020 320 2102 augustum
341 2017 449 2082 locum
469 2015 510 2079 ad
532 2015 617 2080 hanc
637 2035 705 2078 rem
729 2012 888 2077 delectum
905 2032 984 2097 esse,

39 2107 70 2166 ut
89 2107 117 2168 et
134 2106 170 2170 in
200 2104 371 2170 laudandis
395 2103 518 2169 artibus
541 2103 647 2168 Deum
673 2103 780 2186 ipsum
807 2100 985 2185 laudemus,

39 2193 93 2276 qui,
116 2198 153 2258 ut
177 2194 244 2258 alia
266 2194 376 2259 omnia
398 2193 498 2277 bona,
519 2192 567 2256 ita
589 2213 643 2256 eas
667 2211 793 2275 quoque
815 2188 985 2254 hominum

39 2283 133 2363 generi
150 2283 255 2366 dedit,
278 2285 312 2348 et
329 2281 457 2366 publice
476 2283 693 2348 contestemur
711 2300 748 2344 ae
766 2278 984 2362 profiteamur,

38 2371 128 2434 sbrdia
161 2371 275 2436 omnia
304 2370 496 2454 laboresque
527 2371 658 2434 nostros
690 2371 723 2432 et
749 2367 820 2432 Deo
853 2370 983 2431 auctore

38 2461 118 2542 atque
150 2460 284 2544 auspice
317 2458 450 2542 suscipi,
482 2461 515 2522 et
542 2457 583 2521 ad
609 2457 710 2540 ipsius
738 2455 876 2541 gloriam
902 2459 983 2520 tam·

38 2567 119 2627 quam
141 2547 187 2614 ad
204 2547 304 2614 finem
320 2546 417 2613 nobis
435 2546 585 2612 omnibus
598 2545 768 2630 praecipue
782 2543 985 2628 propositum

37 2635 144 2701 referri.

89 2724 187 2790 Unde
209 2725 311 2811 igitur
333 2726 369 2790 in
390 2727 484 2790 tanta
506 2746 630 2810 eorum,
653 2743 735 2808 quae
758 2743 791 2788 se
815 2721 856 2786 ad
879 2720 985 2785 dicen-

37 2810 101 2876 dum
123 2814 281 2898 offerunt,
308 2814 402 2899 copia
428 2813 632 2898 potissimum
660 2809 829 2878 exordiar?
865 2808 921 2873 An
943 2807 984 2872 ab

37 2919 79 2983 eo,
96 2903 185 2985 quod
199 2923 326 2986 semper
341 2902 427 2987 apud
444 2902 651 2987 gravissimos
671 2920 815 2985 quosque
836 2896 984 2982 gravissi-

37 3008 113 3053 mum
124 2990 204 3075 fuit,
222 2991 426 3075 antiquitatis
444 2988 652 3057 testimonio?
685 2988 786 3071 Quae,
805 3007 878 3050 cum
899 2985 985 3048 artes

37 3096 138 3142 omnes
170 3079 278 3145 bonae
311 3080 392 3165 sint,
423 3115 465 3126 -
497 3101 575 3142 nam
606 3077 738 3160 siquae
766 3074 871 3139 malae
899 3075 985 3138 arten

36 3162 191 3252 dicuntur,
212 3168 374 3233 immerito
397 3168 443 3232 eis
471 3167 589 3231 artium
611 3185 731 3231 nomen
752 3162 919 3247 tribuitur,
942 3197 985 3209 -

36 3250 85 3316 has
106 3259 220 3322 tamen
242 3260 371 3322 nostras
393 3257 524 3342 proprio
548 3277 586 3320 ac
607 3253 762 3338 peculiari
779 3252 910 3318 nomine
928 3251 985 3316 bo·

36 3359 86 3404 ssas
108 3347 196 3410 artes
218 3346 360 3430 vocavit,
382 3345 573 3428 easdemque
597 3346 682 3407 artes
704 3343 877 3427 ingenuas,
899 3342 986 3404 artes

36 3425 189 3518 liberales,
216 3434 304 3518 quod
331 3433 411 3498 alias
439 3437 538 3498 auta
567 3432 667 3497 servis
695 3434 752 3496 aut
778 3430 819 3495 ab
847 3427 985 3494 homini·

37 3513 88 3581 bus
111 3521 220 3588 servili
243 3521 396 3608 praeditis
419 3521 550 3607 ingenio
574 3520 725 3604 exerceri,
751 3519 812 3584 has
838 3537 920 3582 unas
944 3515 985 3580 ab
