2326 3942
348 229 557 288 PRAEFATIO
575 231 610 286 ΙΙ,
892 229 959 294 205

17 378 169 462 diligenter
199 377 391 459 evolverem,
429 397 492 461 quo
523 376 658 440 virtutes
690 375 819 440 illorum
851 375 960 460 aliqua

17 489 46 530 ex
72 469 173 549 parte,
206 465 234 530 si
266 466 373 530 minus
401 464 577 548 exprimere
608 464 779 546 imitand0,
811 466 846 528 at
874 467 958 528 certe

16 555 206 638 intelligendo
231 554 384 638 consequi
407 556 440 618 et
462 556 713 618 commonstrare
736 553 812 618 olim
837 553 958 618 adoles·

18 644 141 707 centibus
169 643 298 707 meliori
324 642 410 706 natis
441 642 573 727 ingenio
602 663 739 725 possem.
788 641 850 726 Ae,
882 663 959 726 quo-

18 733 86 794 niam
98 729 287 796 Ciceronem
302 753 427 795 summo
445 735 496 796 tot
509 735 652 795 aetatum
666 752 825 796 consensu
838 730 959 814 primas

19 822 69 884 sine
93 820 315 886 controversia
342 823 463 902 tenere,
496 820 536 884 ab
568 821 640 904 ipso
670 823 778 884 autem
806 817 959 883 Cicerone

19 908 184 974 Terentium
208 909 367 994 optimum
394 907 580 974 Latinitatis
608 911 771 972 auctorem
798 907 960 972 nominari

18 997 155 1082 videbam,
180 998 368 1063 incredibile
391 997 532 1062 studium
554 997 590 1061 in
612 997 680 1060 eius
703 999 817 1080 po'e'tae
840 996 959 1060 fabulis

19 1087 163 1170 calceavi,
188 1089 226 1150 ut
239 1087 351 1170 etiam,
374 1087 485 1150 crebro
499 1087 637 1169 repetita
659 1085 809 1168 lectione,
832 1085 873 1148 ad
891 1105 959 1149 ver-

19 1174 75 1238 tum
107 1176 295 1264 ediscerem.
344 1173 457 1258 Nuper
491 1175 604 1259 iffi'tur,
640 1195 712 1238 cum
749 1195 803 1238 eas
840 1173 960 1238 Paulus

19 1261 175 1348 llanutius,
208 1263 259 1330 vir
285 1263 519 1328 eruditissimus
547 1268 579 1326 et
609 1263 645 1327 in
676 1263 736 1326 hac
768 1261 882 1326 Latine
914 1263 959 1327 lo-

21 1353 111 1434 quendi
137 1353 296 1416 facultate
324 1353 467 1416 omnium
494 1351 612 1417 iudicio
640 1351 826 1435 singularis,
856 1352 959 1415 denuo

21 1442 82 1523 lypis
103 1443 172 1506 suis
203 1441 379 1525 descriptas
403 1441 548 1506 emittere
575 1444 717 1523 pararet:
746 1440 814 1524 egit
835 1461 960 1504 mecum

21 1549 61 1610 pro
82 1530 304 1596 familiaritate
331 1533 456 1612 nostra,
485 1533 522 1593 ut
544 1551 599 1594 eas
622 1531 768 1593 accurate
790 1548 960 1612 recognos-

20 1637 110 1703 cerem,
132 1619 354 1703 adhibitisque
372 1619 532 1683 veteribus
555 1618 646 1682 libris
668 1616 848 1702 iudicioque
862 1617 961 1682 etiam

20 1727 71 1770 nco
97 1727 331 1792 perpurgarem
359 1708 399 1772 ab
426 1707 466 1772 iis
494 1707 632 1790 mendis,
660 1706 775 1791 quibus
803 1707 874 1770 illas
903 1707 959 1770 ali·

21 1815 89 1858 orum
111 1796 316 1881 quorundam
339 1795 551 1880 negligentia,
573 1795 715 1879 inscitia,
738 1795 872 1860 audacia
885 1816 960 1859 con-

21 1885 200 1950 taminasset.
254 1883 330 1948 Feci
369 1885 486 1968 libens,
527 1887 597 1948 tum
633 1887 670 1948 ut
706 1884 961 1968 obtemperarem

21 1973 184 2038 auctoritati
211 1971 353 2037 hominis
381 1973 419 2037 de
447 1993 498 2038 me
527 1973 648 2056 optime
676 1972 795 2055 meriti,
827 1976 897 2036 tum
924 1976 962 2036 ut

21 2061 119 2145 aliquid
150 2083 305 2126 navarem
338 2061 478 2146 assidue,
515 2084 578 2146 quo
616 2061 833 2126 studiosorum
869 2060 962 2124 labor

21 2149 207 2216 minueretur.
255 2149 333 2215 Non
365 2149 514 2214 auderem
545 2151 607 2215 hoc
638 2151 755 2233 dicere,
786 2148 854 2214 nisi
881 2149 961 2214 mihi

23 2240 145 2304 conscius
172 2259 278 2303 essem
304 2260 380 2304 vera
402 2239 505 2324 loqui:
528 2242 656 2303 tantum
680 2238 781 2321 effeci,
804 2241 961 2323 quantum

24 2324 135 2392 dalius
162 2331 241 2412 post
266 2348 318 2392 me
346 2327 506 2413 quispiam
534 2328 685 2410 effecerit,
716 2327 788 2410 erit,
816 2349 872 2394 cur
900 2328 962 2392 sibi

23 2415 98 2498 serio,
125 2417 181 2502 qui
207 2415 303 2480 huius
330 2420 444 2499 po'e'tae
473 2417 608 2481 studiosi
636 2418 723 2499 sunt,
751 2416 961 2500 gratulentur.

23 2497 98 2568 llunc
110 2526 217 2569 meum
230 2505 375 2569 laborem
389 2505 430 2569 ad
448 2508 480 2568 te
503 2505 723 2588 potissimum,
745 2504 862 2570 Iacobe
876 2502 961 2569 Suri-

24 2610 81 2673 ene,
104 2594 211 2677 mitte,
240 2593 365 2678 tibique
393 2593 519 2678 dedico,
546 2597 616 2658 tum
644 2593 761 2657 eximia
787 2597 845 2658 tua
870 2615 961 2678 prae-

26 2681 162 2766 stantique
176 2683 297 2747 virtute
320 2703 357 2747 ac
371 2682 549 2747 eruditione
563 2685 755 2766 commotus,
777 2686 861 2766 tum,
885 2704 961 2766 quo·

25 2765 105 2853 niam,
134 2793 173 2836 ex
200 2791 265 2856 quo
291 2771 329 2835 in
354 2771 416 2836 hac
443 2772 521 2836 urbe
548 2775 690 2836 veterum
719 2771 838 2855 scripta
864 2770 962 2834 inter-

26 2857 132 2943 pretari,
168 2860 347 2926 constituto
379 2860 459 2924 mihi
494 2859 620 2943 publice
653 2859 826 2944 stipendio,
863 2859 963 2942 coepi,

26 2945 80 3007 lota
101 2969 147 3011 me
174 2951 285 3013 vestra
316 2947 430 3013 domus
463 2949 644 3012 admirabili
676 2947 815 3034 quodam
843 2948 962 3012 amoris

27 3033 117 3098 ardore
137 3038 305 3121 complexa
332 3041 389 3102 est.
434 3035 509 3102 Erit
536 3041 642 3101 autern
670 3038 732 3102 hoc
758 3059 875 3100 munus
902 3036 963 3100 tibi

26 3117 137 3188 fortasse
150 3127 259 3190 minus
272 3125 364 3210 utile,
388 3126 443 3211 qui
465 3126 530 3190 iam
554 3125 673 3192 dudum
691 3127 726 3190 in
740 3125 962 3209 philosophiae

28 3214 179 3285 penetralia
201 3218 350 3297 receptus
376 3236 444 3278 non
466 3215 513 3278 ita
535 3236 630 3299 saepe
654 3214 796 3280 demittis
819 3214 962 3280 animum

29 3293 60 3356 ad
81 3298 148 3365 haee
177 3303 310 3367 levioris
339 3324 452 3386 operae
481 3303 600 3387 studia3
632 3303 806 3368 Hermolao
835 3304 963 3390 quidem

29 3385 54 3443 et
70 3385 204 3475 Georgia,
227 3391 383 3456 tratribus
401 3392 479 3475 tuis,
502 3393 748 3458 modestissimis
768 3393 962 3457 studiosissi-

30 3471 130 3559 misque
143 3480 412 3566 adolescentibus,
425 3503 493 3546 non
506 3481 619 3546 inutile
633 3482 701 3546 fore
715 3482 848 3546 confido.
871 3479 961 3544 Vale.
