2326 3942
367 219 546 274 EPISTULA
566 221 627 278 XV.
937 225 975 288 19

41 363 192 428 exercitum
212 363 354 448 regium,
381 364 504 448 pedites
527 365 688 450 concisos,
711 368 890 451 equitatum
914 369 975 432 dis

40 452 138 514 1111111
159 473 196 516 ac
219 452 426 537 dissipatum,
449 475 488 517 ex
511 453 645 518 ducibus
672 455 751 538 ipsis
775 457 855 521 alios
878 457 975 520 inter-

39 527 134 623 fectos,
160 541 240 605 alios
268 541 468 625 vulneratos,
496 540 654 607 Comitem
687 544 806 608 stabuli
836 549 974 628 captum.

39 627 103 691 Mihi
128 629 232 714 crede,
264 629 388 694 habent
418 630 538 694 iustam
570 633 810 697 excusationem
840 633 975 699 timoris.

37 715 106 780 Nam
126 739 197 782 mea
211 717 352 803 quidem,
374 723 411 782 ut
432 741 508 784 mox
522 719 641 804 audies,
664 741 732 786 non
754 721 865 786 eadem
880 743 976 786 causa

37 809 83 887 est,
108 829 188 892 quae
216 811 406 873 ceterorum.
452 805 514 872 Sed
542 830 614 872 cum
637 809 689 874 hic
716 811 763 874 ita
786 810 976 894 crederetur,

37 895 101 958 nihil
124 897 260 980 propius
284 918 368 980 esse,
392 918 489 982 quam
511 899 549 961 ut
571 896 612 962 ad
639 898 724 962 hanc
747 898 878 962 domum
901 899 975 963 diri-

35 983 166 1065 piendam
193 989 303 1050 turma
331 986 439 1070 aliqua
465 985 605 1050 militum
633 990 824 1072 accurreret,
851 987 975 1052 theolo-

36 1092 81 1154 gus
104 1077 227 1157 noster,
249 1074 362 1159 homo,
384 1078 422 1139 ut
449 1075 526 1160 scis,
553 1075 686 1140 minime
708 1075 892 1159 bellicosus,
921 1078 976 1162 qui

35 1160 138 1226 videret
164 1163 229 1227 sibi
257 1163 411 1228 adversus
438 1163 512 1228 illos
538 1163 687 1228 homines
715 1165 796 1229 nihil
823 1165 858 1228 in
885 1165 975 1229 theo-

35 1250 104 1334 logia
126 1273 186 1316 sua
214 1252 367 1336 praesidii
394 1251 478 1336 fore,
501 1257 623 1337 quanta
649 1254 789 1318 maxima
812 1253 975 1318 celeritate

34 1340 133 1424 potuit,
165 1341 300 1426 collegit
333 1341 475 1405 sarcinas
507 1363 580 1406 suas
608 1345 641 1404 et
671 1343 734 1405 iter
764 1342 799 1405 in
826 1341 976 1426 Belgium

34 1428 108 1508 cepit.
153 1426 312 1494 Comitati
342 1451 415 1493 eum
438 1433 515 1494 sunt
542 1429 675 1494 abbates
704 1430 780 1514 duo,
808 1451 913 1514 neque
937 1430 975 1494 de

34 1515 62 1576 iis
82 1517 254 1603 quicquam
275 1522 390 1602 postea
413 1517 601 1583 audivimus.
639 1516 757 1602 011111,
780 1522 817 1582 11
840 1519 920 1583 scire
942 1522 975 1582 te

33 1608 102 1690 puto,
115 1604 283 1670 Lutetiam
297 1607 399 1690 ibant,
422 1606 478 1671 sed
492 1629 565 1670 cum
587 1608 622 1672 in
641 1607 757 1671 itinere
772 1607 871 1671 alium
893 1629 974 1671 nun-

33 1693 96 1756 tium
117 1695 336 1780 accepissent,
363 1697 426 1760 huc
449 1717 560 1760 omnes
587 1696 690 1760 multa
717 1697 782 1760 iam
809 1699 904 1761 nocte
927 1718 974 1760 re-

32 1780 149 1848 dierunt
184 1783 259 1868 Ego
274 1785 373 1848 biduo
389 1787 464 1848 ante
478 1783 687 1849 Bellovacum
700 1785 864 1868 profectus
879 1807 975 1868 eram,

33 1891 81 1950 quo
105 1892 157 1936 me
183 1871 367 1936 Cardinalis
394 1873 534 1936 miserat.
580 1871 632 1936 Ita
659 1877 768 1936 autern
795 1873 864 1938 fors
890 1873 975 1956 tulit,

33 1963 58 2020 ut
76 1959 189 2024 eodem
211 1961 309 2043 plane
331 1961 488 2044 temporis
510 1965 640 2045 puncto,
660 1983 723 2046 quo
747 1962 795 2024 illi
817 1960 975 2044 redibant,

32 2066 78 2128 ego
99 2070 230 2134 quoque
252 2049 399 2114 redirem.
437 2049 507 2125 Quo
529 2050 652 2114 factum
676 2053 733 2133 est,
756 2053 794 2114 ut
815 2049 904 2134 prius
927 2071 974 2112 re-

33 2134 99 2200 disse
121 2138 282 2221 sciverim,
296 2161 394 2222 quam
416 2139 533 2202 abiisse
548 2139 669 2204 scirem.
696 2137 853 2202 Hilaratis
875 2138 975 2222 igliur

32 2227 159 2290 omnium
174 2227 293 2291 animis
307 2229 445 2291 multum
458 2227 544 2292 inter
557 2249 691 2292 coenam
709 2228 851 2311 risimus3
873 2228 975 2290 multa

32 2311 55 2372 in
75 2335 136 2399 eos,
151 2316 209 2400 qui
231 2319 463 2400 remanserant,
484 2317 579 2400 plura
600 2316 714 2402 ineos,
738 2317 792 2402 qui
814 2316 974 2401 fugerant,

30 2399 111 2466 iocati
140 2425 269 2488 sumus,
297 2426 422 2469 mecum
446 2426 558 2469 omnes
584 2406 747 2489 praeclare
776 2408 882 2469 actum
905 2426 975 2468 esse

32 2487 176 2576 dicebant,
202 2493 257 2576 qui
282 2495 373 2577 quasi
395 2494 613 2577 prospicerem
635 2515 674 2558 ac
697 2494 874 2558 divinarem
898 2493 975 2577 quid

29 2576 160 2644 11111111
195 2585 292 2665 11111,
324 2585 357 2645 11
387 2581 544 2667 fugissem
576 2583 617 2646 ab
649 2583 823 2646 acerbitate
858 2583 974 2666 prioris

30 2670 130 2752 nuntii,
153 2673 189 2734 et
203 2670 244 2734 ad
258 2671 445 2754 posterioris
463 2671 621 2738 laetitiam
635 2671 852 2735 accurrissem.
878 2669 975 2734 Nunc

29 2753 69 2818 111
94 2779 156 2843 ego
181 2760 215 2822 et
236 2756 352 2824 Petrus
379 2757 591 2824 Normesinus
619 2759 807 2824 suavissime
829 2758 975 2842 vivimus,

30 2851 148 2931 venatu,
173 2847 324 2932 aucupio,
346 2849 472 2932 piscatu
496 2852 541 2932 et,
566 2847 651 2931 quod
675 2850 773 2933 capnt
795 2851 857 2930 111,
880 2847 974 2912 bonis

29 2936 235 3006 sermonibus:
258 2958 364 3022 neque
382 2937 474 3002 vobis
497 2936 686 3021 invidemus,
710 2959 791 3021 quos
813 2936 886 3000 istic
909 2958 974 2998 am-

29 3020 95 3087 bitio
117 3025 228 3090 aureis
252 3025 459 3110 compedibus
482 3026 632 3112 alligatos
655 3029 754 3090 tenet.
790 3023 900 3088 Unum
923 3045 974 3088 me

28 3111 99 3175 nale
125 3113 241 3198 habet,
272 3115 418 3198 theologi
448 3115 609 3179 absentia:
643 3135 737 3199 quem
766 3112 910 3177 desidero
943 3116 976 3177 et

29 3201 57 3260 11
77 3200 270 3286 discipulum
292 3203 447 3288 magister
469 3207 502 3268 et
524 3207 560 3268 ut
582 3204 774 3288 magistrum
792 3201 975 3285 discipulus.

29 3281 140 3370 Operas
169 3291 256 3356 enim
287 3295 469 3374 permutare
496 3292 581 3356 inter
607 3315 667 3357 nos
691 3312 911 3376 coeperamus,
939 3296 976 3354 ut

29 3394 78 3457 ego
102 3400 178 3442 eum
201 3376 340 3444 Graecas
362 3381 501 3463 litteras,
528 3382 596 3464 ipse
619 3403 670 3444 me
698 3379 896 3464 theologiam
920 3379 974 3442 do-

30 3469 111 3530 ceret.
158 3466 262 3532 Valde
289 3490 441 3553 magnam
464 3470 664 3552 voluptatem
691 3468 770 3532 mihi
797 3468 976 3531 attulerunt

29 3551 146 3619 litterae
178 3559 268 3642 tuae,
296 3557 382 3641 quod
409 3561 441 3622 et
472 3558 557 3621 laeta
584 3558 780 3621 nuntiabant
808 3559 840 3618 et
866 3555 975 3618 omnia

727 3658 763 3711 2*
