2360 3944
430 185 567 240 ORATIO
586 186 634 240 IV.
967 183 1010 250 39

66 336 128 398 eina
148 336 209 414 est,
237 330 326 414 quod
348 293 466 394 habere
493 331 686 394 levationem
714 330 914 413 morborum,
942 331 1012 414 qui·

69 425 116 486 bus
136 422 281 484 tentatur
305 440 434 502 corpus,
456 418 624 501 bonaeque
646 419 841 482 valetudinis
861 419 1012 484 111111111-

69 511 131 572 tatis
152 513 222 572 tum
245 507 389 572 effectrix
411 527 493 590 esse,
520 509 589 570 tum
618 507 836 570 conservatrix
859 507 1011 570 creditur:

69 598 152 660 ditur:
179 596 234 680 qui
261 596 394 659 tandem
420 595 560 658 honores
588 595 764 678 excogitari
790 599 943 678 poterunt
974 615 1011 658 ea

69 689 124 748 arte
146 685 250 769 digni,
274 705 356 766 quae
380 705 413 747 se
434 683 470 746 in
489 683 604 746 animis
627 683 712 746 idem
735 683 919 746 effecturam
942 705 1011 747 esse

69 773 245 856 profitetur?
288 770 375 836 Nam
407 774 439 835 11
471 771 688 854 praestantior
720 790 853 855 corpore
885 772 1010 835 animus

69 861 292 942 1111111111
316 881 412 943 quam
434 860 520 924 illius
543 861 645 923 multo
668 859 776 943 plures
804 859 909 924 morbi
931 861 1011 923 mul-

68 953 151 1032 toque
174 949 430 1032 periculosiores.

125 1037 214 1112 Quod
247 1038 275 1100 si
307 1037 359 1100 cui
389 1036 473 1100 forte
506 1035 638 1100 dubium
674 1039 738 1119 est,
779 1035 918 1100 excutiat
958 1036 1011 1100 ille

68 1126 230 1210 paullisper
263 1125 512 1209 intelligentiam
548 1147 640 1188 suam
674 1145 844 1208 secumque
876 1127 1012 1208 reputet,

68 1235 271 1297 quamsaepe
295 1214 390 1276 unius
412 1213 552 1277 hominis
567 1213 713 1296 ambitio,
737 1212 885 1294 avaritia,
912 1213 1011 1277 libido

68 1303 199 1386 integras
221 1301 370 1366 funditus
393 1301 542 1366 everterit
565 1302 718 1365 civitates.
754 1299 815 1364 His
843 1304 950 1364 autem
980 1305 1012 1364 et

68 1391 213 1454 similibus
241 1390 363 1453 morbis
390 1390 534 1452 medetur
566 1387 785 1472 philosophia,
817 1409 950 1469 eamque
977 1389 1011 1451 in

68 1479 126 1542 suis
147 1479 246 1542 efficit
269 1478 369 1542 animi
391 1477 633 1559 firmitudinem,
658 1499 754 1560 quam
776 1497 843 1540 non
866 1477 1011 1558 volupta-

68 1571 129 1629 tum
149 1566 332 1649 illecebrae,
355 1588 422 1630 non
446 1565 594 1629 dolorum
614 1565 714 1648 faces,
737 1585 805 1629 non
828 1564 1011 1627 divitiarum

68 1655 222 1738 splendor,
244 1677 313 1719 non
333 1654 468 1718 obscura
489 1657 522 1718 et
536 1656 720 1736 contempta
737 1657 923 1736 paupertaS,
945 1674 1012 1716 non

70 1743 217 1808 bonorum
246 1743 331 1826 sitis,
362 1764 429 1807 non
454 1741 651 1826 ignominiae
678 1745 797 1824 metue,
829 1763 896 1805 non
927 1742 1012 1804 vitae

70 1832 229 1915 cupiditas,
269 1853 338 1896 non
372 1831 483 1895 mortis
514 1833 618 1894 terror
650 1831 827 1894 convellere
860 1850 897 1892 11
927 1830 1012 1893 labe-

9 1991 10 1998 ,
72 1919 179 1984 lactare
208 1919 322 2004 possit.
362 1917 409 1983 Ut
441 1917 527 1982 enim
555 1917 682 2000 Olympi
714 1939 868 1982 cacumen
899 1921 1013 1999 poetae

9 2071 10 2074 ,
73 2029 183 2092 semper
197 2008 342 2092 quietum
358 2029 425 2070 esse
441 2007 544 2089 aiunt,
558 2008 729 2089 propterea
743 2005 829 2088 quod
848 2005 943 2067 altius
963 2006 1014 2087 sit,

9 2107 10 2110 ’
75 2117 155 2177 quam
172 2100 210 2160 ut
224 2118 263 2160 eo
277 2096 326 2159 vis
340 2099 509 2159 ventorum
530 2099 820 2178 tempestatumque
839 2093 1014 2176 perveniat,

9 2255 10 2258 Ἴ
72 2184 110 2246 sic
125 2184 391 2268 philosophorum
405 2184 530 2247 animus
550 2183 716 2247 sublimior
734 2185 767 2245 11
785 2181 938 2245 excelsior
957 2184 1013 2263 est,

71 2294 157 2354 quam
177 2276 216 2337 ut
237 2274 318 2336 istos
341 2272 437 2336 flatus
461 2273 581 2336 sentiat
602 2271 778 2335 furentium
801 2273 834 2333 et
857 2269 896 2332 de
919 2269 1014 2332 rebus
1048 2278 1050 2288 '

70 2361 282 2426 abiectissimis
296 2361 381 2424 inter
396 2382 429 2424 se
438 2361 528 2424 humi
538 2360 784 2444 digladiantium
793 2357 1014 2440 cupiditatum.

71 2446 135 2511 Stat
148 2450 216 2532 ille,
238 2453 276 2512 ut
297 2449 333 2512 in
351 2449 456 2512 medio
475 2449 556 2512 mari
579 2447 664 2510 edita
687 2451 720 2510 et
734 2446 898 2510 altissimis
912 2445 1015 2508 defixa

9 2571 10 2610 3
71 2537 221 2602 radicibus
243 2559 353 2620 rupes,
381 2537 470 2600 cuius
493 2558 618 2600 summa
645 2535 762 2598 fluctus
784 2557 825 2598 111
849 2534 1016 2617 attingunt

9 2623 11 2656 l
70 2626 201 2710 quidem,
224 2626 336 2690 infima
360 2626 405 2689 sic
427 2625 610 2706 verberant,
632 2646 700 2688 non
722 2627 760 2686 ut
782 2645 853 2686 earn
876 2643 1015 2686 commo·

9 2777 10 2788 ,
70 2718 169 2797 veant,
197 2714 253 2778 sed
280 2718 318 2777 ut
345 2714 408 2797 ipsi
434 2713 635 2796 frangantur.
675 2711 776 2776 Novit
802 2711 1014 2794 philosophus

9 2803 11 2864 l
69 2802 242 2886 vulgarium
268 2803 471 2885 voluptatum
498 2801 672 2864 blanditias
699 2799 818 2882 partim
845 2797 1015 2882 puerilium

70 2889 371 2956 oblectamentorum
395 2889 513 2953 similes
537 2910 620 2971 esse,
647 2886 798 2971 indignas
821 2909 887 2952 non
910 2886 1015 2968 modo,

70 3000 141 3060 quas
164 2979 404 3060 consectentur,
427 2977 482 3040 sed
506 2998 585 3060 quas
607 2976 783 3059 respiciant
801 2975 875 3056 viri,
898 2974 1015 3056 partim

71 3086 134 3130 111111
157 3067 311 3132 dedecore
335 3085 372 3129 ac
399 3065 599 3150 turpitudine
623 3065 825 3146 coniunctas,
851 3065 888 3125 ut
916 3062 1015 3126 satius

70 3153 119 3236 sit,
158 3155 271 3237 quovis
314 3154 422 3218 dolore
463 3153 610 3236 lacerari,
652 3173 748 3235 quam
783 3153 942 3215 venenata
979 3171 1016 3214 11

70 3242 214 3322 pestifera
241 3263 354 3306 earum
382 3242 540 3307 suavitate
566 3242 707 3305 mulceri.
743 3237 852 3304 Habet
875 3239 954 3302 alias
978 3259 1016 3302 ex

69 3349 132 3394 sese
153 3331 301 3414 proprias
316 3351 353 3394 ac
367 3333 538 3414 perpetuas
551 3331 734 3412 voluptates
748 3328 938 3410 easdemque
953 3327 1016 3390 sin-

69 3417 240 3482 cerissimas
268 3419 420 3501 nullaque
439 3440 480 3482 ne
503 3419 636 3482 minima
660 3417 787 3500 quidem
809 3415 1017 3499 permistione

70 3506 227 3572 molestiae
252 3507 503 3590 contaminatas,
526 3528 605 3590 quas
628 3527 667 3570 ex
689 3507 760 3589 ipsa
782 3505 900 3570 virtute
924 3507 956 3566 et
979 3523 1042 3577 env
