2328 3956
323 243 504 302 EPISTOLA
522 245 593 302 LIV.
896 247 938 312 69

25 391 142 474 perpetro
163 388 304 456 disceres.
339 389 422 476 Ipse,
445 413 629 477 quanquam
652 391 799 458 doctrina
820 392 939 458 medio·

26 477 61 560 ui,
77 497 179 564 magno
201 481 310 544 tamen
333 483 366 544 et
388 481 512 544 excelso
534 481 667 566 ingenio
686 484 719 545 ct
737 481 868 545 mirifice
888 479 939 548 dc·

27 565 70 628 lito
89 567 189 631 studiis
211 568 342 634 nostris.
377 566 492 654 Itaque
511 569 625 634 domus
643 569 746 654 ipsius
764 569 940 634 Academia

26 654 144 737 quaedam
164 655 263 720 videri
285 660 421 740 poterat.
466 655 530 722 Hic
553 660 641 722 amat
664 658 792 742 quidem
815 660 848 722 et
869 657 939 741 ipsc

25 741 119 808 niufice
139 743 284 810 homines
307 746 467 811 bonarum
490 747 608 812 artium
628 747 763 812 scientia
781 747 940 832 excultos5

24 831 60 894 sed
80 853 129 898 sua
153 833 182 897 ei
205 835 341 899 comitas
364 835 483 900 damno
506 840 564 901 est.
608 833 695 900 Dum
718 835 803 900 enim
828 856 940 900 omnes

24 918 107 984 blande
133 922 261 1008 excipit,
291 945 365 988 cum
394 924 543 990 omnibus
569 923 711 990 humano
739 923 943 1008 colloquitur,

23 1006 114 1073 faciem
138 1031 170 1074 sc
197 1015 295 1097 atque
324 1012 454 1078 obvium
477 1013 626 1079 omnibus
647 1014 795 1098 praebet:
823 1011 953 1076 excitat

24 1097 115 1178 quidem
140 1099 344 1166 admirabiles
371 1123 497 1167 amores
524 1102 588 1186 sui3
616 1103 671 1166 sed
699 1124 719 1166 a
740 1105 809 1166 tam
830 1099 942 1164 multis

23 1186 123 1267 grabam
147 1188 250 1273 ipsius
278 1190 494 1256 ambientibus
521 1195 677 1275 perpetuo
700 1189 879 1274 obsidetur,
904 1191 943 1252 ut

23 1273 40 1334 ei
55 1275 95 1338 rix
114 1276 152 1340 ad
174 1279 352 1344 curandum
375 1300 491 1362 corpus
515 1279 594 1344 satis
616 1279 771 1364 temporis
795 1277 942 1361 supersit.

24 1359 78 1436 Quid
103 1366 248 1448 quaeris?
298 1366 371 1452 Ego
402 1368 457 1452 qui
487 1367 628 1452 quotidie
658 1389 731 1433 curn
757 1368 813 1432 illo
841 1367 943 1429 altero

23 1451 182 1518 suaussimis
204 1455 407 1521 sermonibus
425 1456 523 1520 horas
537 1457 662 1542 aliquot
674 1457 854 1542 transigere
869 1473 943 1518 con-

23 1559 159 1627 sueveram,
183 1545 332 1610 nuncin
354 1545 453 1610 alium
476 1545 636 1632 quendam
659 1546 770 1611 orbem
792 1541 873 1610 mihi
891 1541 943 1606 (lc-

22 1627 79 1692 latus
97 1631 214 1698 videor.
253 1629 316 1698 sed
333 1633 413 1700 haec
431 1635 607 1700 mussanda
626 1638 715 1717 sunt3
739 1655 820 1718 quac
833 1631 945 1697 tamen

23 1718 90 1782 senei
108 1720 142 1784 in
162 1724 259 1787 tuum
281 1722 423 1788 hominis
447 1723 633 1788 amicissimi
656 1723 762 1787 sinum
783 1719 944 1786 effundere

20 1805 90 1890 volui,
112 1813 232 1894 putans
261 1812 296 1874 in
324 1833 362 1875 eo
390 1811 511 1895 aliquid
533 1811 703 1877 levationis
725 1810 804 1876 fore.
849 1807 945 1874 Nunc

22 1892 46 1954 cd
67 1895 121 1960 alia
148 1900 254 1964 venio.
308 1899 402 1976 Quod
430 1903 499 1964 tam
530 1921 624 1984 saepo
654 1921 705 1963 me
734 1899 770 1964 in
800 1898 944 1982 epistolis

21 1981 200 2072 iustamque
218 1987 395 2054 honorifico
414 1988 567 2072 appellas,
590 1987 729 2074 gratiam
746 1986 860 2069 habeo,
883 1985 945 2052 etsi

22 2070 94 2155 video,
117 2077 161 2138 te'
176 2077 282 2142 multo
309 2077 383 2160 plus
411 2077 513 2141 amori
536 2099 634 2160 quam
656 2077 772 2141 iudicio
795 2075 945 2140 tribuere.

20 2153 60 2222 led
82 2161 138 2228 hoc
167 2165 278 2248 ipsum
305 2185 373 2230 non
399 2166 506 2232 minus
533 2165 708 2230 iucundum
735 2168 797 2248 cst,
826 2164 945 2228 sentire

21 2265 51 2308 ue
69 2253 129 2314 ate
146 2253 243 2318 unice
262 2253 363 2338 diligi.
400 2253 493 2329 Quod
510 2275 597 2318 nunc
614 2256 780 2337 praeterea
799 2252 946 2334 scribam,

21 2333 77 2400 nihil
96 2338 209 2425 habeo,
232 2341 298 2406 nisi
319 2341 404 2406 forta
424 2342 505 2406 illud
523 2343 603 2406 scire
620 2342 679 2425 vis,
701 2363 752 2404 me
770 2340 832 2406 hoc
851 2363 947 2424 anna,

20 2423 37 2484 si
55 2422 130 2492 Deus
158 2431 263 2512 uolet,
293 2429 527 2513 explicaturum
553 2429 681 2513 publice
708 2429 807 2494 libros
835 2429 946 2495 Politi-

21 2529 100 2578 ccrun
112 2515 317 2584 Aristotelis:
340 2518 376 2582 in
399 2518 515 2602 quibus
537 2518 648 2583 videor
669 2517 750 2582 mihi
771 2523 947 2584 navaturus

20 2619 119 2681 Operam
149 2610 184 2671 et
217 2607 323 2672 multa
356 2607 397 2670 ab
430 2607 501 2670 aliis
527 2607 758 2692 interpretibus
785 2629 853 2672 non
880 2608 947 2670 ani-

20 2690 153 2759 madversa
176 2693 331 2760 dicturus.
376 2693 448 2760 Hoc
469 2698 502 2760 te
524 2698 603 2779 puto
625 2696 729 2778 malle,
753 2717 849 2778 quam
872 2695 949 2778 qnid

19 2774 42 2838 le
55 2779 129 2848 bello
148 2787 209 2848 aut
226 2805 305 2868 pace
324 2783 457 2867 dicatur,
480 2787 512 2848 et
530 2803 612 2868 quac
626 2783 694 2848 eius
708 2785 835 2869 generis
849 2782 947 2868 vulgo

19 2883 31 2924 a
43 2867 291 2937 circumforaneis
304 2871 491 2938 hominibus
505 2872 762 2938 disseminantur.
789 2866 950 2946 Ἕκαστος

17 2947 60 3052 ylo
86 2960 152 3024 raia
184 2958 308 3026 ἑαυτοῦ
339 2955 483 3044 κήδεται.
533 2959 702 3046 vivamus,
733 2959 779 3024 mi
811 2958 950 3044 Sacrate,

17 3059 133 3112 uramus
164 3053 198 3114 et
227 3070 494 3114 consenescamus
523 3049 559 3113 in
586 3049 700 3114 studiis
727 3048 847 3114 nostris
875 3068 950 3112 con·

16 3134 171 3203 temnentes
186 3161 225 3202 ea
239 3139 358 3222 omnia,
373 3158 454 3222 quae
467 3137 564 3223 vulgo
578 3138 709 3202 maximi
722 3137 812 3202 fiunt.
844 3133 951 3202 Deum

18 3221 39 3278 tl
69 3226 289 3307 aeternitatfln
327 3227 520 3312 cogitemus;
557 3227 620 3291 alia
656 3226 764 3291 omnia
799 3226 885 3290 fluxa
918 3230 952 3291 et

17 3307 111 3379 caduca
133 3319 219 3381 sunt
252 3313 343 3380 Vale.
373 3313 504 3382 Romae.
519 3333 573 3390 ¹111.
595 3313 642 3379 Id.
664 3314 749 3381 Iulii.
771 3331 951 3380 nnuma.

393 3492 553 3504 -η
