2360 3944
167 189 214 252 40
546 186 682 242 ORATIO
702 187 748 241 IV.

167 331 315 398 honestis
343 332 523 396 actionibus
552 332 667 415 carpit:
695 331 734 394 iis
763 332 892 415 fruitur,
921 331 960 395 iis
984 336 1124 396 mentem

168 421 287 506 pascit,
309 420 348 484 iis
373 443 406 484 se
429 421 583 502 oblectat,
611 440 664 483 eas
688 420 773 484 solas
796 441 886 484 caras
909 442 947 484 ac
968 420 1122 485 iucundas

168 509 277 573 habet.
313 507 399 573 Nam
426 511 463 571 ut
490 509 525 572 in
552 508 720 572 beatorum
743 508 856 572 insulis
883 508 1033 574 dicuntur
1056 530 1122 572 esse

170 598 302 662 arbores
330 596 488 681 quaedam
515 595 669 679 adspectu
695 596 957 678 iucundissimae,
989 619 1124 681 quarum

168 685 205 750 in
231 686 330 751 ramis
358 689 428 750 toto
457 684 535 748 anni
561 687 705 767 tempore
734 706 862 749 cernere
885 689 934 749 est
956 686 1036 750 alios
1059 684 1124 748 iru-

154 777 242 839 'ctus
263 775 358 839 mites
385 773 505 837 iamet
532 772 573 836 ad
595 772 814 836 maturitatem
836 773 1020 856 perductos,
1044 773 1126 836 alios

169 861 538 943 maturescentes,·alios
560 861 718 944 pubentes
742 861 846 925 adhuc
869 865 902 926 et
927 861 963 926 in
985 861 1125 946 primum

171 973 205 1016 se
219 951 331 1016 florem
344 949 527 1014 induentes:
551 949 596 1012 sic
618 949 790 1032 incorum,
813 949 868 1033 qui
889 971 962 1014 rere
980 971 1017 1014 ac
1041 950 1125 1013 serio

170 1021 454 1123 philosophantur,
491 1037 606 1102 animis
639 1040 709 1101 toto
741 1038 825 1102 vitae
861 1041 1004 1122 tempore
1042 1039 1126 1101 aliae

171 1127 314 1191 actiones
336 1126 492 1190 honestae
515 1147 552 1189 ac
574 1125 752 1190 laudabiles
775 1125 938 1190 confectae
961 1127 1025 1190 iam
1049 1131 1127 1190 sunt

171 1220 204 1279 et
226 1215 407 1298 absolutae,
429 1215 511 1278 aliae
533 1215 569 1278 in
588 1236 626 1278 eo
650 1217 727 1277 sunt
740 1216 776 1277 ut
800 1213 1020 1298 absolvantur,
1043 1215 1127 1278 aliae

169 1301 366 1368 inchoantur
388 1303 492 1367 adhuc
515 1305 548 1366 et
570 1301 788 1367 informantur
809 1303 997 1387 primisque,
1019 1307 1057 1366 ut
1077 1303 1128 1366 ita

170 1391 318 1478 dixerim,
349 1392 443 1455 lineis
471 1391 692 1476 designantur.
728 1390 841 1474 Itaque
864 1391 999 1455 aliarum
1020 1411 1128 1454 recor-

171 1480 301 1546 datione
325 1502 362 1544 ac
385 1480 597 1563 conscientia,
620 1479 756 1544 aliarum
777 1479 969 1544 tractatione
984 1499 1020 1543 ac
1033 1501 1128 1562 prae-

171 1569 289 1652 sentia,
312 1570 448 1632 aliarum
470 1567 679 1632 meditatione
703 1571 736 1652 et
758 1567 986 1651 prospicientia
1009 1567 1055 1631 sic
1078 1567 1128 1630 af·
1170 1569 1171 1642 l

170 1657 336 1740 ficiuntur,
371 1657 453 1719 nihil
489 1659 526 1720 ut
562 1655 623 1719 sibi
658 1658 825 1738 praeterea
859 1655 1033 1720 iucundum
1069 1661 1129 1718 aut
1171 1665 1172 1728 l

171 1743 309 1808 amabile
341 1744 532 1808 existiment.
576 1742 739 1808 Immensa
768 1744 867 1808 etiam
892 1745 948 1808 illa
975 1748 1007 1808 et
1037 1745 1127 1808 inex·
1172 1763 1173 1808 l

170 1831 298 1915 plebilis
325 1831 628 1896 accumulandarum
656 1853 755 1915 opum
782 1832 931 1915 aviditas,
959 1832 1055 1916 quam
1077 1833 1130 1896 in·
1173 1862 1174 1902 r

172 1922 295 1984 eertum
318 1925 380 2005 est,
403 1921 496 2005 copia
510 1943 554 1985 an
574 1919 686 2004 inopia
700 1921 803 2006 magis
817 1920 980 2004 incendat,
1003 1921 1128 1985 radices
1174 1960 1175 1990 r

171 2031 268 2094 agere
289 2011 326 2074 in
347 2010 455 2074 animo
482 2009 708 2094 philosophiae
734 2009 913 2093 praeceptis
942 2010 1066 2074 consito
1093 2015 1131 2074 et

172 2101 297 2163 exculto
320 2119 388 2164 uon
410 2102 527 2181 potest.
559 2097 642 2172 Quid
665 2097 733 2161 ita?
765 2095 926 2162 Nimirum
948 2099 1023 2182 quia
1045 2097 1130 2161 haec

170 2187 204 2249 id
227 2187 279 2250 vel
295 2187 465 2270 praecipue
483 2187 518 2250 in
537 2208 668 2249 suorum
682 2186 798 2250 animis
815 2185 940 2269 inserit,
962 2187 1131 2250 naturales

172 2294 250 2355 opes
273 2277 306 2336 et
326 2273 515 2336 terminatas
539 2294 608 2338 esse
632 2277 664 2337 et
686 2275 780 2338 facile
798 2274 971 2358 parabiles,
993 2295 1046 2338 eas
1071 2276 1130 2358 qni

172 2360 308 2447 adeptus
345 2360 399 2444 sit,
435 2359 517 2424 nihil
554 2361 584 2425 ei
620 2362 757 2445 amphus
794 2363 1023 2446 appetendum3
1057 2384 1131 2427 non

172 2449 228 2532 qui
266 2449 440 2533 plurimum
479 2449 611 2534 habeat,
651 2450 707 2514 sed
746 2450 802 2533 qui
841 2451 1010 2514 minimum
1044 2450 1130 2514 desi-

171 2537 275 2620 deret,
316 2537 512 2601 ditissimum'
544 2561 626 2620 esse;
666 2537 749 2602 nihil
788 2539 900 2624 magni
935 2538 1133 2623 faciendum,

172 2625 259 2708 quod
286 2647 385 2709 aeque
413 2627 570 2709 pessimus
598 2629 694 2708 atque
723 2627 863 2710 optimus
891 2627 1024 2711 quisque
1051 2648 1132 2692 con·

172 2717 483 2904 sequdleldirirffliamen
506 2825 617 2904 eorum
639 2803 809 2868 consilium
835 2761 965 2888 probat,
993 2804 1048 2889 qui
1071 2809 1133 2869 aut

171 2913 287 2956 aurum
317 2913 353 2955 nr
384 2913 471 2956 mare
503 2891 670 2974 abrecisse,
706 2895 764 2956 aut
797 2893 1016 2975 possessiones
1052 2913 1134 2958 suas

170 2980 372 3060 incultasac
395 2981 536 3044 desertas
557 2979 724 3065 reliquisse
751 2978 1020 3066 memorantur*):
1046 2979 1132 3046 haec

172 3070 260 3132 enim
282 3072 339 3134 aut
360 3069 552 3154 ignavorum
573 3068 743 3134 hominum
765 3068 928 3152 videntur,
955 3071 1012 3134 aut
1028 3089 1133 3152 pecu·

171 3157 229 3219 nia
259 3158 308 3220 uti
339 3157 565 3240 nescientium,
598 3179 736 3240 quorum
767 3160 937 3240 utrumque
969 3157 1004 3221 in
1034 3157 1116 3223 vitio
1123 3209 1133 3241 ,

171 3264 241 3308 non
262 3243 299 3306 in
324 3244 419 3308 laude
446 3244 632 3328 ponendum
659 3250 716 3310 est.
756 3243 807 3308 Ao
833 3245 922 3310 fuere
946 3244 1074 3329 quidem
1098 3246 1134 3330 ii,

172 3330 212 3394 de
245 3330 361 3414 quibus
391 3331 449 3395 illa
480 3336 668 3418 narrantur,
699 3332 900 3418 philosophi,
931 3333 987 3398 sed
1017 3333 1136 3400 rudior

177 3589 195 3605 ,
226 3524 256 3592 *5
271 3521 346 3577 Illud
363 3521 398 3576 de
417 3521 574 3592 Aristippo,
593 3523 648 3578 hoc
666 3523 701 3578 de
719 3523 880 3580 Democrito
897 3526 1035 3581 narratur.
1053 3523 1093 3580 Μ.

942 3870 1175 3921 ,μμ-Η
