2330 3944
194 197 239 260 90
570 193 707 248 carrio
726 193 774 249 rx.

228 466 497 529 INGRESSURUS
520 467 762 527 RXPLANARR
786 469 826 527 M.
851 467 883 527 T.
908 466 1097 529 CICERONIS

466 572 607 633 LIBROS
629 574 681 632 DE
705 571 880 634 OFFICHS.

513 725 724 809 ORATIO
756 726 831 809 IX.

319 905 439 946 HABITA
452 903 558 944 Romen
572 903 616 942 111.
630 902 699 943 NON.
712 902 866 944 NOVEMBR.
880 904 1029 945 nnnxxw.

259 1043 472 1114 Decreveram
502 1046 565 1111 hoc
594 1067 680 1111 anno
712 1047 942 1130 pulcerrimum
973 1048 1126 1130 consilium,

194 1137 279 1221 quod
312 1159 398 1202 anno
426 1137 589 1220 superiore
617 1156 776 1219 ceperam,
803 1137 953 1220 persequi
986 1141 1018 1200 et
1042 1137 1125 1200 denuo

192 1223 364 1290 Platonem
387 1247 459 1289 cum
483 1221 636 1290 Cicerone
659 1223 868 1308 coniungere,
891 1228 964 1288 tum
986 1228 1022 1290 ut
1042 1226 1125 1289 adole-

193 1316 319 1378 scentes
332 1314 368 1378 in
382 1313 488 1378 studio
501 1311 695 1377 Graecarum
708 1312 890 1378 litterarum
894 1363 903 1396 ,
917 1335 998 1397 quas
1012 1314 1125 1378 marino

194 1424 267 1468 cum
295 1403 394 1467 animi
425 1403 488 1466 mei
516 1401 625 1467 dolore
658 1421 846 1466 evanescere
878 1405 912 1466 et
945 1403 986 1468 ad
1014 1403 1126 1467 nihilum

192 1492 333 1557 recidere
348 1513 518 1575 secumque
533 1511 627 1556 omne
642 1490 850 1574 elegantioris
869 1489 1033 1556 doctrinae
1046 1512 1126 1576 genus

193 1581 321 1644 trahere
352 1580 459 1661 video,
494 1601 553 1663 pro
586 1601 658 1643 mea
693 1578 778 1642 virili
813 1582 905 1663 parte
943 1581 1126 1662 continerem,

193 1672 263 1732 tum
290 1671 328 1730 ut
358 1668 577 1733 nobilissimus
609 1667 836 1750 philosophus,
869 1667 961 1733 cuius
993 1672 1063 1734 ante
1089 1688 1126 1731 me

192 1756 229 1820 in
259 1755 311 1820 his
343 1755 461 1820 scholis
493 1775 671 1838 nunquam,
708 1759 745 1818 ut
782 1756 911 1840 opinor,
949 1758 1055 1822 audita
1081 1778 1149 1820 vor,

194 1848 276 1929 erat,
307 1845 475 1928 paullatim
510 1843 700 1908 familiarior
730 1843 849 1928 factus,
886 1845 1053 1911 uberrimis
1079 1845 1126 1908 illis

192 1934 371 2020 sapientiae
412 1938 444 1998 et
487 1932 687 2018 eloquentiae
724 1954 800 1998 suae
836 1933 984 2000 fontibus
1016 1933 1128 2020 ingenia

193 2027 306 2088 nostra
337 2024 498 2108 copiosius
531 2027 564 2087 et
596 2021 812 2086 abundantius
844 2022 1005 2108 irrigaret.
1045 2024 1128 2087 Aliter

193 2113 298 2177 visum
319 2117 368 2177 est
385 2113 438 2194 iis,
458 2133 594 2195 quorum
612 2115 694 2174 nutu
713 2113 808 2193 atque
828 2113 1021 2180 auctoritate
1038 2115 1128 2176 nostra

193 2203 338 2264 omnium
366 2201 473 2264 studia
505 2199 700 2283 diriguntur,
733 2199 787 2282 qui
816 2200 882 2264 sive
910 2201 992 2266 mihi
1019 2201 1056 2266 ad
1080 2204 1128 2263 tra·

192 2289 357 2370 ctandam,
381 2288 446 2352 sive
465 2286 561 2351 ’vobis
585 2287 625 2350 ad
648 2288 887 2371 percipiendam
909 2287 1129 2356 Platonicorum

193 2376 449 2460 disputationum
486 2375 677 2460 gravitatem
708 2398 775 2440 non
811 2378 889 2441 satis
926 2399 998 2444 esse
1033 2379 1130 2443 virium

194 2465 377 2549 iudicarint,
401 2465 467 2528 sive
485 2465 521 2528 in
539 2486 576 2530 eo
595 2465 682 2529 aliud
701 2466 867 2550 quippiam
885 2468 988 2532 secuti
1006 2469 1078 2550 sint,
1098 2469 1147 2557 *l

192 2575 260 2618 non
283 2553 370 2617 enim
391 2553 442 2617 fas
465 2553 558 2618 nobis
582 2575 651 2618 esse
675 2553 813 2619 arbitror
835 2555 871 2618 in
898 2576 1010 2621 eorum
1032 2553 1131 2620 iudicia

193 2642 349 2706 curiosius
377 2641 550 2726 inquirere,
578 2679 620 2688 -
649 2664 777 2708 omnem
808 2665 828 2706 a
859 2664 909 2707 me
941 2643 1038 2709 huius
1069 2639 1131 2706 anni

191 2752 324 2815 operam
350 2731 386 2794 in
412 2753 478 2796 uno
506 2728 658 2796 Cicerone
685 2732 830 2796 consumi
862 2733 1053 2798 maluerunt.
1084 2729 1131 2794 Pe·

192 2841 319 2885 reamus
333 2820 483 2904 libenter,
501 2823 539 2884 ut
552 2841 611 2902 par
625 2823 686 2903 est,
704 2821 756 2904 iis,
776 2819 891 2904 quibus
909 2843 1023 2904 parere
1038 2769 1146 2886 omnesl

191 2910 324 2994 debent,
352 2908 501 2993 quodque
528 2908 606 2992 ipsis
634 2909 768 2992 placuit,
795 2908 828 2972 id
857 2909 926 2973 sine
955 2910 1023 2974 ulla
1048 2911 1133 2974 retra·

191 3001 334 3065 ctatione
356 2998 470 3062 melius
494 3019 562 3062 esse
586 2997 760 3060 credamus.
797 2995 874 3062 Non
893 2998 993 3083 enim,
1016 3021 1056 3064 ne
1074 3017 1145 3082 gra,

162 3115 168 3122 ·
191 3081 330 3154 cissimis
354 3088 483 3173 quidem
505 3087 540 3151 in
563 3085 671 3170 rebus,
697 3088 825 3150 tantum
849 3087 935 3170 apud
958 3109 1019 3154 nos
1041 3081 1145 3170 valeret

191 3177 259 3240 ulla
293 3177 510 3260 probabilium
546 3175 708 3240 rationum
744 3180 908 3241 momenta
945 3177 1074 3260 debent,
1106 3175 1135 3236 ut

191 3287 259 3330 non
281 3266 384 3348 multo
412 3266 485 3350 plus
511 3265 641 3330 illorum
663 3265 714 3328 vel
736 3264 831 3330 iussis
855 3266 904 3330 vel
933 3265 1072 3329 consiliis
1094 3259 1135 3324 vel

192 3353 386 3420 auctoritate
409 3375 603 3419 moveamur.

257 3442 536 3508 Pervolutabimus
573 3443 672 3526 igitur
707 3442 770 3508 hoc
802 3463 888 3508 anno
925 3462 1038 3508 aureos
1072 3438 1136 3502 illos

192 3531 235 3596 M.
259 3530 357 3594 Tullii
383 3529 482 3594 libros
511 3530 550 3593 de
578 3530 700 3594 officiis.
737 3529 895 3607 Quicum
920 3534 985 3595 tres
1009 3529 1085 3612 sint,
1109 3523 1138 3588 et

588 3855 628 3904 Χ
