2328 3956
197 208 239 272 52
466 203 580 260 EPIST.
605 203 731 260 XXXVI.
750 203 889 266 XXXVIL

602 381 751 448 XXXVI.

530 505 647 560 arnan
668 504 826 560 afflare.

265 615 315 682 Ne
338 615 460 700 priores
488 615 614 680 litterae
635 616 710 678 tuae
734 615 775 678 ad
797 616 829 676 te
856 612 1066 697 pervenirent,
1086 609 1130 676 (la-

199 707 261 772 roli
283 705 407 769 incuria
428 704 551 768 factum
573 706 650 785 erat,
673 703 762 767 cuius
785 704 822 766 tu
843 723 970 787 quoque
992 701 1130 786 negligen-

198 796 280 859 tiam
301 793 397 858 nosti.
429 791 525 856 Nunc
547 813 613 856 una
635 813 708 856 cum
730 791 781 855 his
804 791 885 855 meis
908 793 1056 876 utrasque
1076 793 1131 854 tuas

198 880 813 1057 111131ῑοί11ὲὲἓέὣῄἳῒὲοἰίῒ
823 877 1132 1052 tdtlttt,

201 1063 229 1126 si
252 1061 293 1124 ad
319 1060 418 1124 istum
444 1057 575 1124 modum
597 1077 727 1142 pergas,
754 1077 873 1142 magno
899 1057 982 1122 mihi
1008 1078 1074 1140 spes
1098 1057 1134 1131 sit,

200 1154 232 1214 te
255 1148 417 1233 praeclare
439 1167 672 1230 responsurum
694 1145 925 1229 exspectationi
947 1167 1044 1210 meae.
1071 1143 1134 1208 Vide

202 1237 314 1321 igitru,
342 1236 369 1300 ri
396 1257 447 1300 me
475 1257 578 1318 amas,
606 1235 692 1319 quod
719 1238 752 1299 et
778 1234 858 1298 facis
886 1237 920 1298 et
946 1235 1049 1299 facere
1070 1239 1133 1297 certe

202 1326 312 1408 debes,
340 1328 376 1388 ut
403 1324 554 1388 omnibus
582 1323 654 1387 aliis
682 1322 777 1387 rebus
804 1322 976 1408 neglectis,
1004 1325 1133 1408 quantun

203 1411 1134 1567 111111111111111111

202 1595 252 1654 ter
279 1522 427 1654 effigiis,
445 1610 583 1672 versere,
611 1551 747 1674 quordm
774 1552 994 1654 familiaritate
1022 1523 1134 1652 acqeor-

204 1678 371 1742 suetudine
398 1677 511 1742 melior
533 1699 571 1742 ac
594 1678 717 1742 doctior
743 1677 812 1742 fieri
840 1681 942 1763 potes.
988 1676 1051 1742 Fac
1071 1675 1135 1758 eogi-

202 1770 261 1850 111,
285 1766 509 1851 gravissimam
531 1787 600 1830 esse
619 1766 776 1830 iacturam
797 1767 967 1850 temporis,
991 1766 1135 1850 praecipue

203 1857 310 1922 autem
332 1855 396 1919 ista
420 1856 537 1937 aetate,
561 1858 683 1938 quatu
704 1876 792 1920 nunc
814 1877 861 1938 es,
884 1855 967 1920 hora
990 1856 1075 1920 nulla
1092 1852 1136 1915 tibi

202 1945 306 2029 perire
335 1944 403 2022 sine
435 1963 554 2028 magno
582 1943 750 2027 dispendio
781 1947 897 2028 potest.
943 1943 1054 2010 Saluta
1077 1941 1135 2006 mihi

203 2037 444 2119 praeceptorem
465 2036 570 2114 tuum,
593 2031 644 2096 cui
671 2053 759 2097 meas
783 2033 824 2096 ad
846 2037 878 2096 te
906 2034 1032 2100 litteras
1054 2035 1136 2097 osten-

204 2122 261 2186 das
283 2123 366 2186 licet.
396 2121 462 2186 Eas
486 2121 622 2206 quidem,
646 2143 726 2205 quas
748 2125 785 2186 tu
808 2121 849 2186 ad
871 2143 923 2186 me
945 2123 1095 2188 missurus
1107 2141 1137 2200 es,

203 2210 325 2274 nemini
352 2232 483 2292 prorsus
512 2209 638 2275 ostendi
665 2210 752 2275 volo:
782 2231 835 2274 eas
863 2211 950 2276 enim
982 2211 1060 2276 mihi
1084 2228 1136 2292 gra·

204 2298 302 2362 tiores
325 2297 449 2362 faciunt
471 2299 535 2382 ipsi
557 2319 679 2363 errores
701 2299 758 2362 tui.
794 2297 885 2382 Vale,
908 2299 954 2364 mi
977 2297 1137 2364 dulcissime

204 2384 396 2452 Alexander.
419 2386 475 2452 IV.
490 2387 536 2451 Id.
549 2385 624 2455 Iulii
637 2405 766 2451 mnnxx.
790 2387 916 2452 Tibure.

273 2473 399 2541 Oblitus
427 2497 514 2540 eram
538 2475 687 2560 scribere,
715 2476 785 2540 heri
806 2477 842 2540 in
868 2499 981 2542 mensa
1007 2477 1137 2541 iniectum

205 2585 274 2628 esse
302 2585 481 2628 sermonem
504 2565 542 2629 de
570 2564 748 2630 comoedia:
777 2587 840 2650 qua
869 2567 1036 2631 occasione
1057 2563 1136 2628 multa

205 2653 243 2718 de
270 2656 302 2718 te
331 2675 457 2738 quoque
486 2652 570 2719 dicta
602 2656 685 2718 sunt.
731 2651 834 2718 Valde
865 2653 926 2718 tibi
956 2657 1035 2719 tunc
1065 2671 1137 2716 aures

204 2743 373 2808 tinnivisse
397 2745 532 2827 oportet.
578 2741 718 2808 Omnino
743 2763 835 2827 spero
856 2742 934 2827 fore,
957 2745 994 2807 ut
1015 2742 1074 2807 huc
1093 2737 1137 2802 tibi

206 2831 318 2896 adme
342 2830 534 2896 veniendum
558 2831 608 2916 sit.

597 2973 758 2983 ιιι-ι..-

599 3111 767 3180 XXXVII.

538 3233 655 3290 arnan
678 3234 834 3295 errario.

275 3359 416 3424 Litterae
439 3363 513 3425 tuae
536 3362 729 3445 posteriores
753 3382 897 3448 quaeque
919 3363 1070 3440 meliores.
1101 3357 1137 3422 De

210 3449 333 3512 ratione
362 3451 469 3512 autem
497 3449 676 3514 studiorum
702 3452 832 3514 tuorum
854 3453 951 3517 velim
977 3449 1089 3536 aliquid
1109 3443 1137 3508 ad

210 3557 261 3600 me
285 3535 419 3620 scribas3
444 3539 601 3620 quantum
622 3539 710 3638 legas
732 3539 887 3624 quotidie3
910 3563 987 3606 num
1010 3538 1080 3624 quid
1099 3554 1138 3597 er·
