2326 3942
518 185 632 242 EPIST.
650 186 710 242 VII.
730 185 801 241 VIII.

624 363 697 430 VH.
812 348 815 356 ¹

428 492 614 566 PAULUS
641 489 892 564 MANUTIUS
943 559 945 562 ,

461 629 498 684 u.
513 627 680 684 nurouro
694 627 847 683 uuanro

245 757 295 823 Tu
317 757 403 840 vide,
426 756 476 822 cui
499 755 684 839 credideris,
711 776 788 820 nam
811 754 852 818 ad
874 775 925 818 me
948 753 1039 819 nulle
1060 751 1122 816 dun

179 848 304 931 perlata
332 849 411 914 sunt
431 844 550 911 Catulli
576 845 670 928 folia3
699 864 781 929 quae
808 843 837 908 si
863 843 1001 926 periere,
1029 841 1123 904 damni

179 936 301 1001 facturn
328 939 378 1000 est
404 955 442 998 eo
469 935 556 1019 plus,
588 933 674 1019 quod
700 953 761 997 neo
788 932 829 997 ad
856 931 924 1016 ille,
953 933 1124 1016 quaesunt

180 1025 266 1108 apud
288 1027 334 1106 te,
361 1023 437 1087 licet
457 1022 633 1106 transilire,
656 1020 918 1106 quandoquidem
944 1019 1024 1084 ordo
1046 1017 1122 1082 folio-

180 1135 252 1176 rum
274 1133 342 1176 non
365 1113 522 1196 servatur,
549 1132 609 1176 neo
636 1110 758 1196 pagina
784 1109 922 1195 paginae
944 1129 1007 1172 nec
1028 1128 1123 1171 versus

180 1201 286 1266 versui
308 1199 489 1284 respondet.
534 1199 648 1285 Itaque
671 1219 825 1284 magnam
851 1199 1022 1283 utriusque
1044 1217 1123 1260 cause

181 1289 324 1354 sustineo
342 1288 525 1354 molestiam
538 1308 721 1373 vereorque,
743 1308 794 1371 ne,
809 1286 895 1372 quod
917 1286 1026 1352 aliena
1047 1284 1124 1366 eulpa

181 1381 382 1442 contractum
408 1380 471 1460 est,
497 1376 595 1442 nimis
623 1397 683 1461 ego
710 1376 744 1440 id
771 1375 913 1461 graviter
937 1375 1043 1457 luam3
1068 1375 1124 1436 tota

181 1467 267 1532 enim
294 1465 527 1551 typographiae
554 1465 638 1530 ratio
665 1468 808 1530 mutetur
833 1485 963 1529 necesse
986 1466 1050 1546 est,
1074 1459 1124 1523 nisi

180 1555 268 1639 haee,
292 1575 427 1640 quaene
445 1553 590 1618 funditus
612 1553 795 1618 interierint
816 1573 1014 1638 magnopere
1032 1551 1124 1630 timeo,

180 1642 276 1706 hodie
298 1643 376 1706 folia
397 1647 635 1727 recuperantur.
672 1641 764 1718 Quod
786 1641 912 1706 utinam
934 1661 974 1704 ex
994 1639 1065 1716 hae
1078 1638 1124 1701 dif-

181 1730 336 1812 ficultate,
362 1731 398 1796 in
420 1753 517 1816 quam
545 1733 650 1797 aliena
676 1732 727 1795 rel
755 1731 902 1796 socordia
928 1730 979 1793 vel
1005 1727 1125 1812 perfidia

182 1821 344 1885 coniectus
372 1841 456 1903 sum,
482 1824 557 1885 tuae
589 1841 641 1886 me
667 1819 779 1884 literae
806 1818 957 1902 eripiant,
989 1839 1070 1902 quas
1094 1815 1125 1878 ad

182 1931 270 1974 meas
301 1908 468 1974 hesternas
500 1931 569 1974 eros
602 1910 751 1992 exspecto
779 1911 812 1972 et
843 1908 885 1972 od
915 1907 973 1972 has
1007 1905 1124 1971 omnino

182 1997 341 2082 perendie.
369 1997 460 2064 Vale.
487 1996 642 2062 Venetiis.

581 2157 741 2168 ——n-a

617 2243 708 2309 Vm.

377 2369 426 2444 M.
453 2369 697 2444 ANTONIUS
724 2367 948 2442 MURETUS

630 2507 653 2550 S.
666 2508 694 2548 D.

501 2595 623 2652 PAULO
641 2594 820 2650 MANUTIO.

250 2721 358 2789 Ardeo
380 2723 554 2806 iracundia,
577 2743 615 2786 eo
629 2722 743 2806 magis,
766 2722 852 2807 quod
869 2741 989 2807 vereor,
1010 2741 1052 2786 ne
1073 2720 1126 2784 cul·

184 2835 260 2896 pam
283 2833 353 2877 esse
376 2812 411 2877 iu
433 2832 485 2876 me
498 2811 640 2896 aliquam
662 2813 766 2894 putes,
789 2831 870 2896 quae
883 2811 975 2875 nulla
996 2813 1053 2876 est.
1082 2808 1127 2872 Dii

184 2924 235 2967 me
259 2903 354 2987 atque
368 2899 514 2966 homines
529 2899 663 2983 oderint,
686 2899 714 2963 si
735 2920 878 2984 unquam
896 2899 931 2964 in
953 2899 1021 2964 vitu
1042 2899 1126 2963 ullam

185 2991 265 3056 milri
286 2990 442 3056 maiorem
463 2988 609 3054 hausisse
631 2987 741 3052 videor
768 2987 984 3052 acerbitatem.
1029 2985 1127 3071 Neque

184 3100 271 3144 nune
294 3079 371 3164 quid
393 3098 488 3164 agam
512 3080 569 3142 aut
587 3076 665 3163 quid
687 3076 826 3161 cogitem
849 3079 906 3141 aut
919 3077 996 3162 quid
1018 3074 1126 3141 consilii

186 3167 311 3250 capiam
334 3167 409 3232 scio.
459 3165 600 3242 Quartus
622 3165 674 3230 hic
697 3167 748 3229 est
770 3163 852 3248 dies,
874 3187 948 3230 oum
970 3165 1028 3229 illa
1049 3163 1125 3249 quin-

187 3276 248 3338 que
275 3255 367 3336 folia,
399 3275 535 3336 quorum
566 3275 618 3318 me
649 3254 721 3336 ipsa
752 3253 931 3318 recordatio
964 3252 1127 3331 discruciat,

185 3341 361 3406 tabellariis
380 3339 456 3402 data
478 3344 562 3405 sunt.
591 3339 654 3405 Sed
674 3341 783 3406 nescio
803 3363 866 3426 quo
888 3341 966 3424 fat0,
988 3341 1126 3406 insciente

186 3450 251 3511 me,
274 3449 347 3492 cum
370 3429 493 3494 ceterae
516 3429 642 3492 litterae
669 3448 760 3492 meae
783 3431 871 3493 recta
893 3429 1025 3494 domum
1047 3428 1127 3494 alte

187 3515 274 3580 mitti
301 3515 453 3596 solerent,
479 3513 540 3577 hae
567 3515 684 3578 missae
712 3516 753 3580 ad
779 3517 951 3582 tabernam
978 3516 1126 3583 librariam
