2326 3942
195 213 258 276 172
547 209 683 266 ORATIO
703 209 789 262 XVII.

193 356 227 420 id
254 377 324 420 esse
351 358 410 438 ait,
437 377 511 419 eum
533 354 699 418 liberalem
724 373 802 416 esse.
839 352 890 416 Ita
912 353 977 438 isti,
998 375 1061 418 cum
1079 378 1116 420 uc

195 465 282 508 nunc
318 447 355 506 ut
385 444 482 507 nimis
514 442 665 506 sublimia
700 443 878 525 petentem,
913 463 997 506 nuuc
1024 447 1056 506 ut
1080 467 1116 507 me

194 532 280 596 iusto
312 531 447 596 inferius
479 531 700 594 demittentem
732 530 862 613 culpare
894 531 1068 614 instituunt,
1092 535 1117 594 ut

194 620 274 683 mibi
302 620 430 702 quidem
461 622 532 683 tum
563 617 691 682 demum
722 619 863 682 medium
895 639 999 682 secare
1027 620 1118 701 videar,

195 707 348 771 efficiunt.
384 705 490 792 Magis
521 727 572 769 me
604 709 736 770 movent
763 707 909 790 exempla
941 729 1054 790 eorum,
1080 709 1118 789 qui
1145 705 1146 732 ¹

195 796 351 860 memoria
367 799 480 860 nostra
502 794 622 878 primos
646 793 774 858 ordines
792 795 828 858 in
844 795 960 858 litteris
979 795 1118 858 duxerunt:
1145 797 1146 834 ³

196 906 333 966 quorum
364 887 401 947 ut
434 883 567 966 quisque
604 882 807 946 doctissimus
843 883 975 946 habitus
1006 887 1060 964 est,
1087 883 1119 944 itu

195 973 369 1056 plurimum
396 992 512 1056 operae
534 971 569 1034 in
595 970 646 1034 his
674 971 818 1053 epistolis
847 971 1022 1036 collocavit.
1052 969 1119 1034 Nur·
1145 977 1146 980 ’

196 1082 293 1142 quam
320 1081 371 1124 me
398 1059 522 1144 pigebit
548 1058 594 1122 eis
621 1059 656 1120 in
683 1059 774 1125 libris
798 1059 951 1143 exerceri,
977 1059 1120 1142 inquibus

196 1148 259 1212 duo
292 1148 438 1232 ingentia
470 1148 585 1212 decora
615 1145 744 1230 Italiae,
775 1145 890 1210 Petrus
923 1147 1075 1212 Victorius
1099 1149 1120 1209 et

195 1235 315 1300 Paulus
338 1235 518 1320 Manutius,
545 1235 747 1299 acutissimus
774 1235 1020 1300 iurisconsultus
1044 1233 1120 1298 Anto-
1145 1273 1146 1279 κ

196 1324 270 1388 nius
302 1323 485 1408 Goveanus,
517 1321 726 1388 Sebastianus
758 1320 934 1406 Corradus,
966 1323 1146 1388 Leouardus³

197 1412 392 1497 Malaspina,
418 1415 528 1477 lumen
555 1416 587 1476 et
615 1414 841 1476 ornamentum
869 1411 993 1476 Galliae
1013 1411 1121 1476 Hadria·

197 1522 258 1566 nus
278 1501 446 1566 Turnebus
469 1501 598 1584 aliique,
622 1522 703 1583 quos
726 1521 913 1564 enumerare
937 1501 1065 1586 longum
1083 1493 1146 1580 ιιι,Ξ

196 1590 243 1652 ita
270 1589 479 1672 desudarunt,
505 1593 543 1651 ut
568 1589 774 1672 praecipuam
802 1589 863 1652 sibi
889 1590 1052 1653 materiem
1075 1589 1146 1672 glo-2

196 1676 262 1739 riae
295 1697 334 1740 ex
365 1678 410 1740 eis
443 1677 650 1740 emendandis
683 1681 715 1740 et
745 1677 944 1742 illustrandis
980 1677 1146 1762 quaestum

196 1763 375 1828 videantur.
412 1763 498 1840 Quos
521 1765 548 1828 si
576 1765 671 1829 duces
694 1786 762 1830 non
789 1787 950 1850 sequerer,
979 1768 1146 1842 arunte-1

196 1871 272 1916 men
299 1873 508 1936 opponerem,
535 1853 625 1917 cuius
653 1853 827 1918 auctoritas
849 1854 1014 1940 frangere,
1040 1852 1124 1917 debili·
1145 1873 1146 1882 ¹

196 1943 279 2025 tare,
304 1941 452 2006 ‘obterere
480 1961 591 2006 omnes
620 1945 732 2005 contra
755 1941 966 2007 sentientium
988 1953 1146 2008 rumuscu}

196 2029 246 2093 los
277 2034 396 2114 posset.
436 2029 541 2094 Huius
573 2030 659 2094 enim
691 2030 816 2094 consilii
847 2032 911 2095 mei
942 2053 1012 2097 non
1037 2050 1146 2115 appror

196 2117 343 2182 batorem
365 2119 461 2184 modo
485 2121 517 2182 et
540 2116 817 2202 adstipulatorem,
844 2119 900 2183 sed
927 2123 1083 2184 auctorem
1101 2133 1146 2180 aci

196 2205 398 2270 laudatorem
428 2205 532 2270 babeo
565 2207 657 2269 illum
682 2206 880 2270 uberrimum
911 2208 1126 2292 disciplinarum

198 2295 341 2357 omnium
370 2295 508 2373 fontem,
541 2291 734 2358 Gulielmum
762 2292 913 2359 Sirletum
940 2293 1146 2374 Cardiualen,÷

197 2381 287 2445 cuius
307 2383 444 2447 auctorit
430 2382 491 2446 tati
509 2381 585 2445 dum
603 2403 746 2466 paream,
763 2405 930 2467 nunquam
946 2397 1146 2470 magnopere}

197 2470 274 2552 quid
297 2471 352 2534 alii
375 2471 413 2534 de
436 2491 487 2534 me
510 2469 630 2534 iudicat
616 2471 680 2534 turi
703 2471 781 2554 sint,
802 2472 967 2536 laborabo

264 2556 436 2641 Sequitur
444 2580 544 2643 nuuc,
576 2559 652 2623 ut
643 2559 682 2622 ris
719 2559 879 2624 obtrectat
881 2560 990 2625 oribus
1021 2567 1146 2642 respon-l

197 2645 303 2730 deam,
348 2648 403 2730 qui
447 2667 576 2712 onmem
620 2648 828 2800 epistolarum
871 2649 1042 2714 lectionem
1077 2648 1146 2709 level

198 2734 349 2818 quiddam
386 2758 423 2801 ac
459 2759 559 2822 prope
595 2739 697 2821 nugat
698 2736 801 2801 orium
837 2758 906 2803 esse
938 2739 1042 2822 aiunt,
1074 2754 1130 2884 quo,

196 2827 371 2908 tamquam
402 2826 498 2909 lacte,
543 2825 680 2910 pueruli,
724 2847 805 2910 non,
850 2829 887 2890 ut
873 2826 1028 2890 stolido
1067 2823 1131 2902 cibo,

139 2925 142 2934 '
197 2912 295 2978 etiam
313 2913 501 2999 grandiores
516 2915 559 2978 ali
577 2913 723 2978 debeant.
745 2913 785 2977 In
800 2915 915 2998 quibus
932 2913 993 2978 hoc
1011 2912 1131 2998 primun

197 3006 247 3066 est
274 3002 359 3086 quod
386 3003 536 3068 admirer:
569 3023 642 3067 cum
669 3003 825 3066 sermonis
853 3025 948 3067 usum
978 3023 1075 3066 unum
1102 2997 1132 3058 de

196 3091 377 3174 praecipuis
406 3115 425 3156 a
452 3092 559 3158 Deo
550 3114 585 3156 m
611 3091 775 3158 hominem
808 3092 932 3156 collatis
963 3087 1132 3154 muneribus

198 3195 267 3240 esse
288 3178 466 3265 fateantur,
494 3182 653 3264 quomodo
682 3181 720 3245 de
743 3180 917 3265 scriptione
945 3179 1133 3263 epistolarum

197 3263 291 3328 aliter
332 3267 449 3331 sentire
490 3269 624 3350 possint.
672 3268 721 3334 Ut
756 3269 841 3332 euim
883 3289 1026 3334 sermone
1064 3266 1134 3329 inter

133 3429 139 3442 ,
196 3356 396 3438 praesentes,
418 3355 505 3419 itae
528 3357 632 3420 istolis
655 3356 740 3422 inter
763 3357 912 3422 absentes
935 3356 1032 3421 animi
1054 3371 1134 3418 sensu

197 3441 483 3507 communicantur.
506 3377 685 3508 PPert
603 3443 670 3526 epis
671 3447 754 3510 tolus
777 3449 957 3511 mercatura
979 3444 1135 3520 exercetur,

197 3553 261 3614 qua
284 3531 312 3596 si
335 3551 527 3616 careremus,
553 3532 840 3598 innumerabilibus
869 3532 1040 3600 commodis
1062 3549 1134 3594 care·
