2328 3956
360 157 542 212 EPISTOLA
560 157 682 213 LXXIV.
938 164 1003 228 103

54 300 146 366 ciendi
169 302 278 366 omnis
297 301 378 366 mihi
397 323 470 386 spes
484 302 581 386 plane
594 303 740 386 praecisa
754 304 804 370 sit.
835 303 1003 391 Equidem,

55 391 78 453 si
97 391 201 473 paullo
224 391 335 456 minus
360 411 458 456 senex
481 413 593 472 essem,
614 413 682 456 nou
701 393 856 458 ambirem
876 395 1003 478 quidem

54 480 141 542 istum
176 479 314 545 honoris
352 479 504 564 gradum,
540 480 686 546 conscius
723 481 804 546 mihi
834 483 1002 548 tenuitatis

55 589 142 650 meae,
166 568 223 632 sed
245 569 333 632 ultro
356 568 499 634 delatmn
523 569 591 632 sine
614 569 681 632 ulla
694 569 923 636 detrectatione
938 573 1002 638 aui·

55 655 174 720 dissime
208 657 393 741 arriperem.
448 654 545 722 Nunc
578 678 675 742 quarn
712 679 763 722 me
799 660 920 724 multae
951 683 1002 726 res

55 745 224 828 impediant
246 767 289 810 ne
317 745 352 810 id
374 745 480 811 facere
503 747 639 830 poesim,
661 746 741 811 vide.
782 745 858 812 Vixi
880 747 1003 814 Romae

55 854 147 898 annos
169 833 245 918 plus
269 834 378 898 minus
400 852 494 918 xxrv,
517 855 580 919 quo
603 837 673 900 toto
687 838 832 919 tempore
845 837 1004 921 prolixam

55 924 82 984 et
100 943 297 1006 propensam
320 943 398 1008 erga
420 943 472 986 me
496 923 615 1007 agnovi
637 927 671 986 et
692 923 727 988 P.
745 923 784 988 R.
808 927 841 988 et
863 947 1002 992 summo-

54 1032 117 1074 rum
137 1011 336 1076 Pontificum
358 1012 567 1076 voluntatem.
598 1010 773 1096 Praecipue
797 1016 904 1078 autem
925 1013 1002 1079 Gre

54 1099 154 1182 gorius
177 1118 249 1165 xnn
277 1099 430 1164 Pontifex
457 1100 499 1164 ad
525 1100 607 1164 bene
635 1101 822 1166 merendum
848 1102 887 1166 de
914 1103 1003 1167 omni

53 1188 186 1252 humano
217 1209 336 1274 genere
362 1191 474 1272 natus,
505 1189 553 1252 ita
578 1209 630 1253 me
657 1192 812 1274 perpetuo
838 1189 933 1274 fouit,
965 1213 1003 1255 ea

54 1279 97 1340 est
117 1277 253 1342 caritate
277 1277 477 1363 complexus,
500 1280 545 1360 ut,
569 1278 597 1342 si
619 1277 700 1342 mihi
722 1278 790 1341 vita
810 1300 870 1362 pro
893 1301 931 1343 eo
954 1301 1002 1344 re·

53 1365 210 1430 fimdenda
246 1366 303 1450 sit,
339 1367 464 1430 nullam
498 1369 608 1430 tamen
644 1365 870 1430 beneficiorum
901 1367 1002 1450 ipsius

53 1474 122 1539 erga
148 1477 201 1518 me
228 1458 358 1539 partem
383 1455 494 1520 videar
521 1456 754 1520 consecuturus.
804 1453 874 1529 Quo
903 1455 1003 1540 igitur

53 1563 109 1627 ore,
132 1544 188 1627 qui
210 1565 315 1627 nuper
338 1545 380 1608 ab
403 1564 451 1628 eo,
472 1545 510 1608 ut
530 1545 701 1608 ueteranus
724 1543 864 1607 emeritis
883 1543 1002 1626 stipen-

53 1631 115 1716 diis,
137 1632 331 1697 missionem
354 1636 387 1697 et
408 1631 558 1718 petierim
576 1634 609 1696 et
626 1631 873 1716 impetraverim,
894 1635 1002 1716 petere

52 1721 87 1784 ab
117 1721 233 1786 eodem
266 1721 416 1805 audeam,
448 1723 485 1784 ut
515 1741 567 1784 me
593 1720 676 1784 istuc
703 1720 810 1784 venire
837 1721 1002 1804 patiatur?

53 1807 100 1873 An
120 1809 323 1893 poenituisse
346 1831 398 1874 me
422 1809 536 1892 dicam,
559 1812 716 1893 quantum
738 1809 818 1872 mihi
837 1809 1003 1874 honorarii

52 1899 176 1962 nomine
210 1899 386 1983 quotannis
417 1897 632 1983 penderetur?
682 1896 885 1982 Septingenti
915 1899 1003 1962 aurei

52 1987 148 2050 numi:
181 1990 341 2071 quantum
366 2009 477 2069 nemo,
505 1987 634 2071 opinor,
662 1990 735 2050 ante
763 2007 828 2068 me,
861 1987 916 2070 qui
941 1986 1002 2050 hoc

53 2074 228 2138 litterarum
259 2097 361 2160 genus
389 2077 606 2159 profiteretur,
633 2074 764 2158 accepit.
813 2073 858 2138 Et
883 2077 1002 2158 tamen,

53 2163 76 2225 si
97 2183 134 2228 ea
157 2184 210 2228 me
234 2185 286 2228 res
305 2165 468 2247 movisset,
490 2163 572 2226 nihil
585 2163 710 2226 facilius
725 2165 802 2245 erat,
825 2183 922 2248 quam
936 2161 1001 2226 effi-

53 2273 128 2337 cere,
155 2255 194 2316 ut
221 2253 264 2316 ad
290 2275 362 2318 eam
390 2273 549 2317 summam
577 2251 697 2335 aliquid
719 2251 894 2315 adderetur.
940 2247 1002 2316 Sed

54 2340 172 2424 demus,
206 2341 328 2425 aliquid
355 2344 466 2405 tamen
494 2359 626 2404 caussae
652 2339 785 2424 reperiri
811 2361 919 2423 posse,
946 2359 1002 2404 cur

54 2429 101 2511 qui
136 2427 263 2494 Romae
301 2429 440 2512 amplius
477 2428 589 2492 docere
620 2428 792 2511 noluerim,
827 2425 1002 2511 Bononiae,

53 2519 193 2600 quamuis
223 2517 354 2582 eosdem
381 2517 507 2582 labores
536 2517 719 2601 suscipiam,
746 2538 814 2580 non
844 2538 1001 2580 recusem:

53 2605 131 2689 quid,
156 2605 245 2692 quod
267 2627 306 2670 ea
327 2605 479 2690 migratio
504 2605 573 2670 sine
590 2605 754 2670 luculento
773 2605 820 2668 rei
833 2604 1001 2669 familiaris

53 2693 241 2758 detrimento
264 2717 284 2758 a
306 2715 359 2758 me
381 2694 452 2758 fieri
472 2714 540 2758 non
562 2693 692 2777 potest?
726 2691 846 2756 Hicin
869 2692 1001 2758 aedibus

52 2783 125 2847 meis
157 2803 227 2848 non
260 2782 427 2848 commode
458 2785 599 2864 tunm,
631 2781 686 2846 sed
718 2780 816 2844 etiam
842 2801 901 2864 pro
928 2801 1001 2845 meo

53 2874 143 2954 captu
165 2871 334 2956 splendide
356 2870 479 2936 habito.
509 2869 587 2934 Istic
609 2890 668 2953 pro
688 2868 819 2934 aedibus
833 2869 1002 2952 pendenda

54 2979 166 3033 marces
195 2961 271 3044 erit,
305 2959 513 3024 distrahenda
540 2959 698 3042 supellex,
720 2961 754 3021 et
777 2978 858 3043 quae
880 2976 1001 3042 magno

54 3051 156 3131 empta
177 3051 265 3132 sunt,
287 3049 345 3112 vili
367 3047 553 3130 addicenda
576 3046 712 3111 emenda
728 3044 895 3110 Bononiae
908 3067 1002 3132 nova,

54 3136 167 3201 maiore
200 3137 351 3202 fortassis
383 3136 503 3221 pretio,
533 3157 594 3200 usu
620 3135 758 3218 minore,
791 3136 939 3218 sumptus
966 3136 1003 3202 in

54 3222 159 3289 itinere
188 3229 222 3290 et
248 3226 285 3290 in
306 3225 463 3290 librorum
485 3245 629 3288 meorum
652 3222 832 3309 gestatione
854 3223 1002 3290 faciendi.

56 3309 195 3378 Trecenti
228 3314 320 3378 aurei
350 3313 456 3396 numi,
493 3333 573 3397 quos
604 3313 685 3377 mihi
717 3312 820 3376 otioso
852 3311 1004 3380 Pontifex

56 3403 185 3480 persolvi
208 3403 312 3467 voluit
335 3401 509 3486 quotannis
532 3421 572 3465 ex
594 3422 632 3465 ea
653 3401 727 3484 ipsa
748 3400 898 3484 pecunia,
922 3424 1004 3486 quae

57 3487 88 3552 iis
126 3491 183 3576 qui
220 3491 350 3575 publice
391 3490 427 3552 in
466 3489 545 3552 urbe
582 3489 697 3553 docent
738 3489 910 3571 adsignata
946 3494 1004 3572 est,
