<?xml version="1.0" encoding="UTF-8"?>
<!DOCTYPE html PUBLIC "-//W3C//DTD XHTML 1.0 Transitional//EN"
    "http://www.w3.org/TR/xhtml1/DTD/xhtml1-transitional.dtd">
<html xmlns="http://www.w3.org/1999/xhtml" xml:lang="en" lang="en">
 <head>
  <title>
</title>
<meta http-equiv="Content-Type" content="text/html;charset=utf-8" />
  <meta name='ocr-system' content='tesseract 3.04.00' />
  <meta name='ocr-capabilities' content='ocr_page ocr_carea ocr_par ocr_line ocrx_word'/>
</head>
<body>
  <div class='ocr_page' id='page_1' title='image "./mantoniimuretis00freygoog_0224.png"; bbox 0 0 2326 3942; ppageno 0'>
   <div class='ocr_carea' id='block_1_1' title="bbox 338 227 956 293">
    <p class='ocr_par' dir='ltr' id='par_1_1' title="bbox 338 227 956 293">
     <span class='ocr_line' id='line_1_1' title="bbox 338 227 956 293; baseline 0.006 -4"><span class='ocrx_word' id='word_1_1' title='bbox 338 227 549 290; x_wconf 80' lang='lat' dir='ltr'><strong>PRAEFATIO</strong></span> <span class='ocrx_word' id='word_1_2' title='bbox 568 229 615 284; x_wconf 90' lang='lat' dir='ltr'>IV.</span> <span class='ocrx_word' id='word_1_3' title='bbox 892 227 956 293; x_wconf 83' lang='grc'>211</span> 
     </span>
    </p>
   </div>
   <div class='ocr_carea' id='block_1_2' title="bbox 33 374 963 3657">
    <p class='ocr_par' dir='ltr' id='par_1_2' title="bbox 33 374 963 3657">
     <span class='ocr_line' id='line_1_2' title="bbox 43 374 958 458; baseline 0.003 -21"><span class='ocrx_word' id='word_1_4' title='bbox 43 377 172 437; x_wconf 84' lang='lat' dir='ltr'>externum</span> <span class='ocrx_word' id='word_1_5' title='bbox 197 375 331 438; x_wconf 89' lang='lat' dir='ltr'>calorem</span> <span class='ocrx_word' id='word_1_6' title='bbox 354 378 558 440; x_wconf 86' lang='lat' dir='ltr'>externumve</span> <span class='ocrx_word' id='word_1_7' title='bbox 581 374 683 458; x_wconf 82' lang='lat' dir='ltr'>frigus</span> <span class='ocrx_word' id='word_1_8' title='bbox 706 375 893 458; x_wconf 83' lang='lat' dir='ltr'>propulsare</span> <span class='ocrx_word' id='word_1_9' title='bbox 921 395 958 440; x_wconf 87' lang='lat' dir='ltr'>ac</span> 
     </span>
     <span class='ocr_line' id='line_1_3' title="bbox 42 463 959 547; baseline 0.003 -22"><span class='ocrx_word' id='word_1_10' title='bbox 42 463 174 542; x_wconf 70' lang='lat' dir='ltr'>defendere</span> <span class='ocrx_word' id='word_1_11' title='bbox 199 463 290 526; x_wconf 86' lang='lat' dir='ltr'>facile</span> <span class='ocrx_word' id='word_1_12' title='bbox 318 467 379 547; x_wconf 88' lang='lat' dir='ltr'>est,</span> <span class='ocrx_word' id='word_1_13' title='bbox 411 463 467 527; x_wconf 92' lang='lat' dir='ltr'>ubi</span> <span class='ocrx_word' id='word_1_14' title='bbox 499 466 607 526; x_wconf 87' lang='lat' dir='ltr'>autem</span> <span class='ocrx_word' id='word_1_15' title='bbox 638 463 726 528; x_wconf 91' lang='lat' dir='ltr'>intus</span> <span class='ocrx_word' id='word_1_16' title='bbox 758 465 959 528; x_wconf 87' lang='lat' dir='ltr'>contractum</span> 
     </span>
     <span class='ocr_line' id='line_1_4' title="bbox 42 551 958 634; baseline 0.003 -21"><span class='ocrx_word' id='word_1_17' title='bbox 42 551 116 634; x_wconf 80' lang='lat' dir='ltr'>frigus</span> <span class='ocrx_word' id='word_1_18' title='bbox 128 551 223 615; x_wconf 88' lang='lat' dir='ltr'>autin</span> <span class='ocrx_word' id='word_1_19' title='bbox 235 552 325 616; x_wconf 87' lang='lat' dir='ltr'>venis</span> <span class='ocrx_word' id='word_1_20' title='bbox 340 574 377 616; x_wconf 89' lang='lat' dir='ltr'>ac</span> <span class='ocrx_word' id='word_1_21' title='bbox 390 552 565 618; x_wconf 83' lang='lat' dir='ltr'>visceribus</span> <span class='ocrx_word' id='word_1_22' title='bbox 585 553 753 618; x_wconf 89' lang='lat' dir='ltr'>conclusus</span> <span class='ocrx_word' id='word_1_23' title='bbox 767 554 854 619; x_wconf 90' lang='lat' dir='ltr'>calor</span> <span class='ocrx_word' id='word_1_24' title='bbox 871 553 958 617; x_wconf 85' lang='lat' dir='ltr'>labe-</span> 
     </span>
     <span class='ocr_line' id='line_1_5' title="bbox 39 640 958 726; baseline 0.003 -25"><span class='ocrx_word' id='word_1_25' title='bbox 39 640 114 702; x_wconf 87' lang='lat' dir='ltr'>factat</span> <span class='ocrx_word' id='word_1_26' title='bbox 132 661 180 703; x_wconf 89' lang='lat' dir='ltr'>eas</span> <span class='ocrx_word' id='word_1_27' title='bbox 201 644 322 724; x_wconf 88' lang='lat' dir='ltr'>partes,</span> <span class='ocrx_word' id='word_1_28' title='bbox 346 641 461 726; x_wconf 89' lang='lat' dir='ltr'>quibus</span> <span class='ocrx_word' id='word_1_29' title='bbox 485 641 552 724; x_wconf 86' lang='lat' dir='ltr'>vita</span> <span class='ocrx_word' id='word_1_30' title='bbox 574 641 744 725; x_wconf 80' lang='lat' dir='ltr'>praecipue</span> <span class='ocrx_word' id='word_1_31' title='bbox 768 642 958 723; x_wconf 73' lang='lat' dir='ltr'>continetur,</span> 
     </span>
     <span class='ocr_line' id='line_1_6' title="bbox 40 727 958 813; baseline 0.005 -24"><span class='ocrx_word' id='word_1_32' title='bbox 40 727 177 791; x_wconf 87' lang='lat' dir='ltr'>remedium</span> <span class='ocrx_word' id='word_1_33' title='bbox 199 730 227 792; x_wconf 94' lang='lat' dir='ltr'>ei</span> <span class='ocrx_word' id='word_1_34' title='bbox 249 730 334 793; x_wconf 92' lang='lat' dir='ltr'>malo</span> <span class='ocrx_word' id='word_1_35' title='bbox 358 729 515 813; x_wconf 82' lang='lat' dir='ltr'>adhiberi,</span> <span class='ocrx_word' id='word_1_36' title='bbox 542 729 607 793; x_wconf 91' lang='lat' dir='ltr'>nisi</span> <span class='ocrx_word' id='word_1_37' title='bbox 630 729 671 794; x_wconf 93' lang='lat' dir='ltr'>ab</span> <span class='ocrx_word' id='word_1_38' title='bbox 698 729 828 794; x_wconf 90' lang='lat' dir='ltr'>homine</span> <span class='ocrx_word' id='word_1_39' title='bbox 855 729 958 813; x_wconf 89' lang='lat' dir='ltr'>perito</span> 
     </span>
     <span class='ocr_line' id='line_1_7' title="bbox 39 818 958 902; baseline 0.005 -26"><span class='ocrx_word' id='word_1_40' title='bbox 39 820 108 900; x_wconf 88' lang='lat' dir='ltr'>atque</span> <span class='ocrx_word' id='word_1_41' title='bbox 128 818 306 902; x_wconf 85' lang='lat' dir='ltr'>exercitato,</span> <span class='ocrx_word' id='word_1_42' title='bbox 333 839 400 882; x_wconf 89' lang='lat' dir='ltr'>non</span> <span class='ocrx_word' id='word_1_43' title='bbox 422 823 543 902; x_wconf 87' lang='lat' dir='ltr'>potest:</span> <span class='ocrx_word' id='word_1_44' title='bbox 573 819 618 883; x_wconf 92' lang='lat' dir='ltr'>sic</span> <span class='ocrx_word' id='word_1_45' title='bbox 642 819 678 882; x_wconf 90' lang='lat' dir='ltr'>in</span> <span class='ocrx_word' id='word_1_46' title='bbox 700 819 825 884; x_wconf 87' lang='lat' dir='ltr'>ratione</span> <span class='ocrx_word' id='word_1_47' title='bbox 847 838 958 902; x_wconf 86' lang='lat' dir='ltr'>geren-</span> 
     </span>
     <span class='ocr_line' id='line_1_8' title="bbox 40 904 959 992; baseline 0.004 -26"><span class='ocrx_word' id='word_1_48' title='bbox 40 904 79 966; x_wconf 85' lang='lat' dir='ltr'>dae</span> <span class='ocrx_word' id='word_1_49' title='bbox 96 905 276 988; x_wconf 89' lang='lat' dir='ltr'>reipublicae</span> <span class='ocrx_word' id='word_1_50' title='bbox 304 907 462 971; x_wconf 88' lang='lat' dir='ltr'>debellare</span> <span class='ocrx_word' id='word_1_51' title='bbox 490 907 600 971; x_wconf 88' lang='lat' dir='ltr'>hostes</span> <span class='ocrx_word' id='word_1_52' title='bbox 624 911 772 971; x_wconf 85' lang='lat' dir='ltr'>externos</span> <span class='ocrx_word' id='word_1_53' title='bbox 801 911 845 992; x_wconf 90' lang='lat' dir='ltr'>ct,</span> <span class='ocrx_word' id='word_1_54' title='bbox 874 907 959 991; x_wconf 90' lang='lat' dir='ltr'>quod</span> 
     </span>
     <span class='ocr_line' id='line_1_9' title="bbox 38 991 958 1080; baseline 0.007 -27"><span class='ocrx_word' id='word_1_55' title='bbox 38 991 69 1054; x_wconf 93' lang='lat' dir='ltr'>illi</span> <span class='ocrx_word' id='word_1_56' title='bbox 82 993 147 1058; x_wconf 90' lang='lat' dir='ltr'>nali</span> <span class='ocrx_word' id='word_1_57' title='bbox 163 995 283 1060; x_wconf 79' lang='lat' dir='ltr'>civibus</span> <span class='ocrx_word' id='word_1_58' title='bbox 301 997 366 1060; x_wconf 90' lang='lat' dir='ltr'>tuis</span> <span class='ocrx_word' id='word_1_59' title='bbox 389 993 619 1080; x_wconf 76' lang='lat' dir='ltr'>moliebantur,</span> <span class='ocrx_word' id='word_1_60' title='bbox 641 996 675 1060; x_wconf 90' lang='lat' dir='ltr'>id</span> <span class='ocrx_word' id='word_1_61' title='bbox 692 996 728 1060; x_wconf 93' lang='lat' dir='ltr'>in</span> <span class='ocrx_word' id='word_1_62' title='bbox 745 997 890 1079; x_wconf 90' lang='lat' dir='ltr'>ipsorum</span> <span class='ocrx_word' id='word_1_63' title='bbox 908 1017 958 1059; x_wconf 87' lang='lat' dir='ltr'>ca-</span> 
     </span>
     <span class='ocr_line' id='line_1_10' title="bbox 39 1080 960 1170; baseline 0.005 -27"><span class='ocrx_word' id='word_1_64' title='bbox 39 1080 85 1162; x_wconf 85' lang='lat' dir='ltr'>pita</span> <span class='ocrx_word' id='word_1_65' title='bbox 99 1088 286 1168; x_wconf 88' lang='lat' dir='ltr'>convertere,</span> <span class='ocrx_word' id='word_1_66' title='bbox 305 1085 333 1149; x_wconf 90' lang='lat' dir='ltr'>si</span> <span class='ocrx_word' id='word_1_67' title='bbox 351 1085 457 1149; x_wconf 82' lang='lat' dir='ltr'>minus</span> <span class='ocrx_word' id='word_1_68' title='bbox 477 1085 571 1150; x_wconf 89' lang='lat' dir='ltr'>facile</span> <span class='ocrx_word' id='word_1_69' title='bbox 589 1088 651 1170; x_wconf 87' lang='lat' dir='ltr'>est,</span> <span class='ocrx_word' id='word_1_70' title='bbox 674 1085 831 1154; x_wconf 88' lang='lat' dir='ltr'>eiusmodi</span> <span class='ocrx_word' id='word_1_71' title='bbox 849 1088 960 1148; x_wconf 88' lang='lat' dir='ltr'>tamen</span> 
     </span>
     <span class='ocr_line' id='line_1_11' title="bbox 39 1168 960 1258; baseline 0.005 -27"><span class='ocrx_word' id='word_1_72' title='bbox 39 1173 80 1252; x_wconf 84' lang='lat' dir='ltr'>est,</span> <span class='ocrx_word' id='word_1_73' title='bbox 102 1174 133 1235; x_wconf 89' lang='lat' dir='ltr'>ut</span> <span class='ocrx_word' id='word_1_74' title='bbox 155 1168 305 1238; x_wconf 80' lang='lat' dir='ltr'>humanis</span> <span class='ocrx_word' id='word_1_75' title='bbox 332 1173 454 1240; x_wconf 77' lang='lat' dir='ltr'>viribus</span> <span class='ocrx_word' id='word_1_76' title='bbox 483 1174 566 1239; x_wconf 87' lang='lat' dir='ltr'>effici</span> <span class='ocrx_word' id='word_1_77' title='bbox 592 1195 688 1258; x_wconf 89' lang='lat' dir='ltr'>posse</span> <span class='ocrx_word' id='word_1_78' title='bbox 714 1174 868 1238; x_wconf 83' lang='lat' dir='ltr'>videatur.</span> <span class='ocrx_word' id='word_1_79' title='bbox 913 1171 960 1236; x_wconf 83' lang='lat' dir='ltr'>At</span> 
     </span>
     <span class='ocr_line' id='line_1_12' title="bbox 38 1257 961 1347; baseline 0.008 -28"><span class='ocrx_word' id='word_1_80' title='bbox 38 1257 74 1320; x_wconf 85' lang='lat' dir='ltr'>ubi</span> <span class='ocrx_word' id='word_1_81' title='bbox 93 1259 172 1343; x_wconf 88' lang='lat' dir='ltr'>ipsae</span> <span class='ocrx_word' id='word_1_82' title='bbox 197 1263 284 1327; x_wconf 88' lang='lat' dir='ltr'>inter</span> <span class='ocrx_word' id='word_1_83' title='bbox 312 1284 345 1328; x_wconf 87' lang='lat' dir='ltr'>sc</span> <span class='ocrx_word' id='word_1_84' title='bbox 375 1262 532 1328; x_wconf 84' lang='lat' dir='ltr'>dissident</span> <span class='ocrx_word' id='word_1_85' title='bbox 558 1263 751 1346; x_wconf 88' lang='lat' dir='ltr'>reipublicae</span> <span class='ocrx_word' id='word_1_86' title='bbox 778 1266 900 1347; x_wconf 80' lang='lat' dir='ltr'>partae,</span> <span class='ocrx_word' id='word_1_87' title='bbox 928 1265 961 1326; x_wconf 90' lang='lat' dir='ltr'>et</span> 
     </span>
     <span class='ocr_line' id='line_1_13' title="bbox 40 1346 959 1436; baseline 0.005 -27"><span class='ocrx_word' id='word_1_88' title='bbox 40 1346 132 1428; x_wconf 87' lang='lat' dir='ltr'>quidem</span> <span class='ocrx_word' id='word_1_89' title='bbox 160 1350 206 1414; x_wconf 92' lang='lat' dir='ltr'>ita</span> <span class='ocrx_word' id='word_1_90' title='bbox 239 1352 408 1436; x_wconf 88' lang='lat' dir='ltr'>dissident,</span> <span class='ocrx_word' id='word_1_91' title='bbox 443 1355 481 1420; x_wconf 91' lang='lat' dir='ltr'>ut</span> <span class='ocrx_word' id='word_1_92' title='bbox 512 1353 629 1436; x_wconf 88' lang='lat' dir='ltr'>quibus</span> <span class='ocrx_word' id='word_1_93' title='bbox 660 1353 697 1417; x_wconf 92' lang='lat' dir='ltr'>in</span> <span class='ocrx_word' id='word_1_94' title='bbox 727 1355 799 1417; x_wconf 84' lang='lat' dir='ltr'>tota</span> <span class='ocrx_word' id='word_1_95' title='bbox 830 1352 959 1416; x_wconf 84' lang='lat' dir='ltr'>civitate</span> 
     </span>
     <span class='ocr_line' id='line_1_14' title="bbox 39 1435 960 1527; baseline 0.008 -30"><span class='ocrx_word' id='word_1_96' title='bbox 39 1435 173 1514; x_wconf 86' lang='lat' dir='ltr'>plurimum</span> <span class='ocrx_word' id='word_1_97' title='bbox 205 1441 306 1505; x_wconf 90' lang='lat' dir='ltr'>animi</span> <span class='ocrx_word' id='word_1_98' title='bbox 339 1446 435 1527; x_wconf 90' lang='lat' dir='ltr'>atque</span> <span class='ocrx_word' id='word_1_99' title='bbox 467 1441 618 1506; x_wconf 88' lang='lat' dir='ltr'>audaciae</span> <span class='ocrx_word' id='word_1_100' title='bbox 651 1443 713 1524; x_wconf 88' lang='lat' dir='ltr'>est,</span> <span class='ocrx_word' id='word_1_101' title='bbox 744 1440 768 1504; x_wconf 92' lang='lat' dir='ltr'>ii</span> <span class='ocrx_word' id='word_1_102' title='bbox 797 1439 960 1506; x_wconf 87' lang='lat' dir='ltr'>coniuncti</span> 
     </span>
     <span class='ocr_line' id='line_1_15' title="bbox 40 1529 960 1613; baseline 0.01 -30"><span class='ocrx_word' id='word_1_103' title='bbox 40 1542 62 1585; x_wconf 85' lang='lat' dir='ltr'>ac</span> <span class='ocrx_word' id='word_1_104' title='bbox 77 1529 236 1594; x_wconf 88' lang='lat' dir='ltr'>consociati</span> <span class='ocrx_word' id='word_1_105' title='bbox 258 1531 342 1594; x_wconf 92' lang='lat' dir='ltr'>inter</span> <span class='ocrx_word' id='word_1_106' title='bbox 366 1552 400 1596; x_wconf 88' lang='lat' dir='ltr'>se</span> <span class='ocrx_word' id='word_1_107' title='bbox 423 1530 678 1596; x_wconf 84' lang='lat' dir='ltr'>obstinatissime</span> <span class='ocrx_word' id='word_1_108' title='bbox 702 1529 811 1594; x_wconf 88' lang='lat' dir='ltr'>animo</span> <span class='ocrx_word' id='word_1_109' title='bbox 835 1531 960 1613; x_wconf 85' lang='lat' dir='ltr'>pestem</span> 
     </span>
     <span class='ocr_line' id='line_1_16' title="bbox 39 1615 960 1703; baseline 0.008 -30"><span class='ocrx_word' id='word_1_110' title='bbox 39 1615 117 1680; x_wconf 83' lang='lat' dir='ltr'>ceteris</span> <span class='ocrx_word' id='word_1_111' title='bbox 138 1621 233 1703; x_wconf 88' lang='lat' dir='ltr'>atquc</span> <span class='ocrx_word' id='word_1_112' title='bbox 258 1619 390 1684; x_wconf 82' lang='lat' dir='ltr'>exitium</span> <span class='ocrx_word' id='word_1_113' title='bbox 418 1619 657 1684; x_wconf 87' lang='lat' dir='ltr'>machinentur:</span> <span class='ocrx_word' id='word_1_114' title='bbox 685 1619 780 1683; x_wconf 85' lang='lat' dir='ltr'>doum</span> <span class='ocrx_word' id='word_1_115' title='bbox 806 1618 960 1702; x_wconf 87' lang='lat' dir='ltr'>profecto,</span> 
     </span>
     <span class='ocr_line' id='line_1_17' title="bbox 37 1697 960 1792; baseline 0.009 -30"><span class='ocrx_word' id='word_1_116' title='bbox 37 1697 174 1790; x_wconf 76' lang='lat' dir='ltr'>dodonico,</span> <span class='ocrx_word' id='word_1_117' title='bbox 193 1707 290 1771; x_wconf 90' lang='lat' dir='ltr'>deum</span> <span class='ocrx_word' id='word_1_118' title='bbox 309 1708 481 1792; x_wconf 89' lang='lat' dir='ltr'>quendam,</span> <span class='ocrx_word' id='word_1_119' title='bbox 499 1729 567 1772; x_wconf 93' lang='lat' dir='ltr'>non</span> <span class='ocrx_word' id='word_1_120' title='bbox 583 1707 761 1790; x_wconf 85' lang='lat' dir='ltr'>hominem,</span> <span class='ocrx_word' id='word_1_121' title='bbox 780 1728 849 1772; x_wconf 89' lang='lat' dir='ltr'>esse</span> <span class='ocrx_word' id='word_1_122' title='bbox 868 1729 960 1790; x_wconf 90' lang='lat' dir='ltr'>opor-</span> 
     </span>
     <span class='ocr_line' id='line_1_18' title="bbox 36 1793 961 1882; baseline 0.006 -29"><span class='ocrx_word' id='word_1_123' title='bbox 36 1793 75 1872; x_wconf 84' lang='lat' dir='ltr'>tet,</span> <span class='ocrx_word' id='word_1_124' title='bbox 93 1795 140 1878; x_wconf 90' lang='lat' dir='ltr'>qui</span> <span class='ocrx_word' id='word_1_125' title='bbox 160 1796 195 1860; x_wconf 92' lang='lat' dir='ltr'>in</span> <span class='ocrx_word' id='word_1_126' title='bbox 217 1799 312 1860; x_wconf 89' lang='lat' dir='ltr'>tanto</span> <span class='ocrx_word' id='word_1_127' title='bbox 334 1800 465 1882; x_wconf 91' lang='lat' dir='ltr'>tamque</span> <span class='ocrx_word' id='word_1_128' title='bbox 485 1797 619 1880; x_wconf 87' lang='lat' dir='ltr'>ancipiti</span> <span class='ocrx_word' id='word_1_129' title='bbox 637 1796 820 1862; x_wconf 86' lang='lat' dir='ltr'>discrimine</span> <span class='ocrx_word' id='word_1_130' title='bbox 840 1799 961 1860; x_wconf 79' lang='lat' dir='ltr'>statum</span> 
     </span>
     <span class='ocr_line' id='line_1_19' title="bbox 38 1877 962 1971; baseline 0.01 -32"><span class='ocrx_word' id='word_1_131' title='bbox 38 1877 140 1947; x_wconf 83' lang='lat' dir='ltr'>cidtatis</span> <span class='ocrx_word' id='word_1_132' title='bbox 165 1885 332 1970; x_wconf 83' lang='lat' dir='ltr'>integrum</span> <span class='ocrx_word' id='word_1_133' title='bbox 364 1890 459 1971; x_wconf 87' lang='lat' dir='ltr'>atque</span> <span class='ocrx_word' id='word_1_134' title='bbox 490 1885 685 1950; x_wconf 87' lang='lat' dir='ltr'>incolumem</span> <span class='ocrx_word' id='word_1_135' title='bbox 715 1888 866 1968; x_wconf 89' lang='lat' dir='ltr'>praestet.</span> <span class='ocrx_word' id='word_1_136' title='bbox 910 1884 962 1948; x_wconf 83' lang='lat' dir='ltr'>Ea</span> 
     </span>
     <span class='ocr_line' id='line_1_20' title="bbox 37 1971 961 2060; baseline 0.01 -34"><span class='ocrx_word' id='word_1_137' title='bbox 37 1987 85 2033; x_wconf 84' lang='lat' dir='ltr'>uro</span> <span class='ocrx_word' id='word_1_138' title='bbox 106 1972 170 2038; x_wconf 90' lang='lat' dir='ltr'>laus</span> <span class='ocrx_word' id='word_1_139' title='bbox 199 1975 253 2038; x_wconf 92' lang='lat' dir='ltr'>cui</span> <span class='ocrx_word' id='word_1_140' title='bbox 280 1975 388 2058; x_wconf 90' lang='lat' dir='ltr'>potius</span> <span class='ocrx_word' id='word_1_141' title='bbox 416 1997 513 2060; x_wconf 90' lang='lat' dir='ltr'>quam</span> <span class='ocrx_word' id='word_1_142' title='bbox 537 1971 683 2038; x_wconf 79' lang='lat' dir='ltr'>Ciceroni</span> <span class='ocrx_word' id='word_1_143' title='bbox 709 1973 881 2037; x_wconf 88' lang='lat' dir='ltr'>tribuenda</span> <span class='ocrx_word' id='word_1_144' title='bbox 910 1973 961 2054; x_wconf 89' lang='lat' dir='ltr'>sit,</span> 
     </span>
     <span class='ocr_line' id='line_1_21' title="bbox 36 2060 961 2145; baseline -0.001 -21"><span class='ocrx_word' id='word_1_145' title='bbox 36 2060 161 2126; x_wconf 76' lang='lat' dir='ltr'>nemnem</span> <span class='ocrx_word' id='word_1_146' title='bbox 182 2063 287 2127; x_wconf 87' lang='lat' dir='ltr'>video.</span> <span class='ocrx_word' id='word_1_147' title='bbox 332 2061 424 2127; x_wconf 91' lang='lat' dir='ltr'>Unus</span> <span class='ocrx_word' id='word_1_148' title='bbox 447 2063 533 2128; x_wconf 89' lang='lat' dir='ltr'>enim</span> <span class='ocrx_word' id='word_1_149' title='bbox 560 2063 715 2128; x_wconf 87' lang='lat' dir='ltr'>latentem</span> <span class='ocrx_word' id='word_1_150' title='bbox 738 2061 841 2126; x_wconf 89' lang='lat' dir='ltr'>adhuc</span> <span class='ocrx_word' id='word_1_151' title='bbox 865 2065 961 2145; x_wconf 90' lang='lat' dir='ltr'>atque</span> 
     </span>
     <span class='ocr_line' id='line_1_22' title="bbox 36 2148 961 2236; baseline 0.009 -31"><span class='ocrx_word' id='word_1_152' title='bbox 36 2148 157 2216; x_wconf 86' lang='lat' dir='ltr'>occultam</span> <span class='ocrx_word' id='word_1_153' title='bbox 183 2151 441 2220; x_wconf 89' lang='lat' dir='ltr'>coniurationem</span> <span class='ocrx_word' id='word_1_154' title='bbox 469 2152 626 2236; x_wconf 81' lang='lat' dir='ltr'>singulari</span> <span class='ocrx_word' id='word_1_155' title='bbox 652 2151 854 2235; x_wconf 83' lang='lat' dir='ltr'>providentia</span> <span class='ocrx_word' id='word_1_156' title='bbox 881 2150 961 2234; x_wconf 83' lang='lat' dir='ltr'>vigi·</span> 
     </span>
     <span class='ocr_line' id='line_1_23' title="bbox 36 2230 962 2324; baseline 0.011 -31"><span class='ocrx_word' id='word_1_157' title='bbox 36 2230 163 2322; x_wconf 87' lang='lat' dir='ltr'>lautiaque</span> <span class='ocrx_word' id='word_1_158' title='bbox 196 2240 408 2324; x_wconf 85' lang='lat' dir='ltr'>deprehendit</span> <span class='ocrx_word' id='word_1_159' title='bbox 435 2262 472 2306; x_wconf 91' lang='lat' dir='ltr'>ac</span> <span class='ocrx_word' id='word_1_160' title='bbox 499 2241 647 2324; x_wconf 87' lang='lat' dir='ltr'>protulit,</span> <span class='ocrx_word' id='word_1_161' title='bbox 678 2243 865 2304; x_wconf 86' lang='lat' dir='ltr'>manantem</span> <span class='ocrx_word' id='word_1_162' title='bbox 897 2261 962 2303; x_wconf 89' lang='lat' dir='ltr'>ser·</span> 
     </span>
     <span class='ocr_line' id='line_1_24' title="bbox 35 2327 962 2415; baseline 0.009 -31"><span class='ocrx_word' id='word_1_163' title='bbox 35 2327 191 2413; x_wconf 78' lang='lat' dir='ltr'>pestemque</span> <span class='ocrx_word' id='word_1_164' title='bbox 218 2330 378 2412; x_wconf 91' lang='lat' dir='ltr'>paulatim</span> <span class='ocrx_word' id='word_1_165' title='bbox 400 2329 529 2415; x_wconf 84' lang='lat' dir='ltr'>longius</span> <span class='ocrx_word' id='word_1_166' title='bbox 553 2329 754 2412; x_wconf 88' lang='lat' dir='ltr'>compressit,</span> <span class='ocrx_word' id='word_1_167' title='bbox 781 2329 900 2392; x_wconf 85' lang='lat' dir='ltr'>fractos</span> <span class='ocrx_word' id='word_1_168' title='bbox 924 2351 962 2392; x_wconf 89' lang='lat' dir='ltr'>ac</span> 
     </span>
     <span class='ocr_line' id='line_1_25' title="bbox 36 2408 961 2503; baseline 0.012 -34"><span class='ocrx_word' id='word_1_169' title='bbox 36 2408 182 2484; x_wconf 87' lang='lat' dir='ltr'>debilitatos</span> <span class='ocrx_word' id='word_1_170' title='bbox 206 2422 297 2482; x_wconf 88' lang='lat' dir='ltr'>metu</span> <span class='ocrx_word' id='word_1_171' title='bbox 320 2422 452 2503; x_wconf 91' lang='lat' dir='ltr'>propter</span> <span class='ocrx_word' id='word_1_172' title='bbox 474 2418 663 2483; x_wconf 87' lang='lat' dir='ltr'>inusitatam</span> <span class='ocrx_word' id='word_1_173' title='bbox 685 2418 818 2502; x_wconf 84' lang='lat' dir='ltr'>periculi</span> <span class='ocrx_word' id='word_1_174' title='bbox 837 2418 961 2502; x_wconf 87' lang='lat' dir='ltr'>magni-</span> 
     </span>
     <span class='ocr_line' id='line_1_26' title="bbox 36 2500 962 2590; baseline 0.005 -22"><span class='ocrx_word' id='word_1_175' title='bbox 36 2500 143 2570; x_wconf 73' lang='lat' dir='ltr'>lssdiucm</span> <span class='ocrx_word' id='word_1_176' title='bbox 170 2507 291 2570; x_wconf 89' lang='lat' dir='ltr'>civium</span> <span class='ocrx_word' id='word_1_177' title='bbox 318 2507 443 2572; x_wconf 87' lang='lat' dir='ltr'>animos</span> <span class='ocrx_word' id='word_1_178' title='bbox 471 2507 684 2590; x_wconf 83' lang='lat' dir='ltr'>confirmavit,</span> <span class='ocrx_word' id='word_1_179' title='bbox 714 2507 962 2573; x_wconf 87' lang='lat' dir='ltr'>indormientem</span> 
     </span>
     <span class='ocr_line' id='line_1_27' title="bbox 34 2589 961 2681; baseline 0.006 -29"><span class='ocrx_word' id='word_1_180' title='bbox 34 2589 104 2656; x_wconf 77' lang='lat' dir='ltr'>tants</span> <span class='ocrx_word' id='word_1_181' title='bbox 127 2596 224 2660; x_wconf 91' lang='lat' dir='ltr'>rebus</span> <span class='ocrx_word' id='word_1_182' title='bbox 254 2595 405 2660; x_wconf 86' lang='lat' dir='ltr'>excitavit</span> <span class='ocrx_word' id='word_1_183' title='bbox 427 2599 587 2681; x_wconf 88' lang='lat' dir='ltr'>senatum,</span> <span class='ocrx_word' id='word_1_184' title='bbox 616 2595 727 2660; x_wconf 87' lang='lat' dir='ltr'>eadem</span> <span class='ocrx_word' id='word_1_185' title='bbox 753 2617 830 2659; x_wconf 81' lang='lat' dir='ltr'>voce</span> <span class='ocrx_word' id='word_1_186' title='bbox 859 2599 891 2658; x_wconf 90' lang='lat' dir='ltr'>et</span> <span class='ocrx_word' id='word_1_187' title='bbox 914 2616 961 2658; x_wconf 88' lang='lat' dir='ltr'>sc-</span> 
     </span>
     <span class='ocr_line' id='line_1_28' title="bbox 36 2679 962 2770; baseline 0.003 -27"><span class='ocrx_word' id='word_1_188' title='bbox 36 2679 167 2747; x_wconf 75' lang='lat' dir='ltr'>eduam</span> <span class='ocrx_word' id='word_1_189' title='bbox 194 2685 293 2748; x_wconf 89' lang='lat' dir='ltr'>bonis</span> <span class='ocrx_word' id='word_1_190' title='bbox 321 2689 353 2749; x_wconf 86' lang='lat' dir='ltr'>et</span> <span class='ocrx_word' id='word_1_191' title='bbox 379 2688 534 2749; x_wconf 88' lang='lat' dir='ltr'>terrorem</span> <span class='ocrx_word' id='word_1_192' title='bbox 560 2685 717 2770; x_wconf 90' lang='lat' dir='ltr'>improbis</span> <span class='ocrx_word' id='word_1_193' title='bbox 744 2683 866 2766; x_wconf 87' lang='lat' dir='ltr'>attulit,</span> <span class='ocrx_word' id='word_1_194' title='bbox 899 2684 962 2747; x_wconf 93' lang='lat' dir='ltr'>col·</span> 
     </span>
     <span class='ocr_line' id='line_1_29' title="bbox 34 2761 962 2856; baseline 0.004 -24"><span class='ocrx_word' id='word_1_195' title='bbox 34 2761 109 2849; x_wconf 72' lang='lat' dir='ltr'>legam</span> <span class='ocrx_word' id='word_1_196' title='bbox 141 2795 238 2837; x_wconf 89' lang='lat' dir='ltr'>suum</span> <span class='ocrx_word' id='word_1_197' title='bbox 275 2774 347 2837; x_wconf 90' lang='lat' dir='ltr'>labe</span> <span class='ocrx_word' id='word_1_198' title='bbox 379 2773 610 2850; x_wconf 88' lang='lat' dir='ltr'>coniurationis</span> <span class='ocrx_word' id='word_1_199' title='bbox 641 2774 810 2856; x_wconf 85' lang='lat' dir='ltr'>infectum,</span> <span class='ocrx_word' id='word_1_200' title='bbox 847 2775 962 2855; x_wconf 89' lang='lat' dir='ltr'>sponte</span> 
     </span>
     <span class='ocr_line' id='line_1_30' title="bbox 35 2851 963 2946; baseline 0.002 -25"><span class='ocrx_word' id='word_1_201' title='bbox 35 2851 147 2938; x_wconf 78' lang='lat' dir='ltr'>deposita</span> <span class='ocrx_word' id='word_1_202' title='bbox 173 2863 348 2946; x_wconf 88' lang='lat' dir='ltr'>oblataque</span> <span class='ocrx_word' id='word_1_203' title='bbox 375 2863 423 2925; x_wconf 92' lang='lat' dir='ltr'>illi</span> <span class='ocrx_word' id='word_1_204' title='bbox 450 2863 628 2945; x_wconf 84' lang='lat' dir='ltr'>provincia,</span> <span class='ocrx_word' id='word_1_205' title='bbox 656 2862 697 2926; x_wconf 90' lang='lat' dir='ltr'>ad</span> <span class='ocrx_word' id='word_1_206' title='bbox 723 2862 826 2926; x_wconf 86' lang='lat' dir='ltr'>bonas</span> <span class='ocrx_word' id='word_1_207' title='bbox 853 2865 963 2944; x_wconf 87' lang='lat' dir='ltr'>partes</span> 
     </span>
     <span class='ocr_line' id='line_1_31' title="bbox 33 2942 962 3035; baseline 0.003 -26"><span class='ocrx_word' id='word_1_208' title='bbox 33 2942 145 3033; x_wconf 70' lang='lat' dir='ltr'>adduxit,</span> <span class='ocrx_word' id='word_1_209' title='bbox 169 2955 203 3015; x_wconf 91' lang='lat' dir='ltr'>et</span> <span class='ocrx_word' id='word_1_210' title='bbox 225 2955 276 3034; x_wconf 90' lang='lat' dir='ltr'>ut,</span> <span class='ocrx_word' id='word_1_211' title='bbox 304 2972 385 3035; x_wconf 89' lang='lat' dir='ltr'>quae</span> <span class='ocrx_word' id='word_1_212' title='bbox 408 2951 516 3014; x_wconf 86' lang='lat' dir='ltr'>sanari</span> <span class='ocrx_word' id='word_1_213' title='bbox 538 2954 701 3035; x_wconf 90' lang='lat' dir='ltr'>poterant,</span> <span class='ocrx_word' id='word_1_214' title='bbox 724 2973 849 3014; x_wconf 90' lang='lat' dir='ltr'>summo</span> <span class='ocrx_word' id='word_1_215' title='bbox 873 2949 962 3012; x_wconf 88' lang='lat' dir='ltr'>adhi-</span> 
     </span>
     <span class='ocr_line' id='line_1_32' title="bbox 33 3027 962 3122; baseline 0.013 -32"><span class='ocrx_word' id='word_1_216' title='bbox 33 3027 80 3096; x_wconf 87' lang='lat' dir='ltr'>bito</span> <span class='ocrx_word' id='word_1_217' title='bbox 107 3040 209 3103; x_wconf 88' lang='lat' dir='ltr'>studio</span> <span class='ocrx_word' id='word_1_218' title='bbox 243 3061 357 3104; x_wconf 90' lang='lat' dir='ltr'>sanare</span> <span class='ocrx_word' id='word_1_219' title='bbox 385 3043 519 3104; x_wconf 91' lang='lat' dir='ltr'>conatus</span> <span class='ocrx_word' id='word_1_220' title='bbox 547 3044 609 3122; x_wconf 90' lang='lat' dir='ltr'>est,</span> <span class='ocrx_word' id='word_1_221' title='bbox 640 3040 687 3103; x_wconf 91' lang='lat' dir='ltr'>ita</span> <span class='ocrx_word' id='word_1_222' title='bbox 719 3059 801 3122; x_wconf 86' lang='lat' dir='ltr'>quae</span> <span class='ocrx_word' id='word_1_223' title='bbox 832 3038 962 3102; x_wconf 85' lang='lat' dir='ltr'>insana-</span> 
     </span>
     <span class='ocr_line' id='line_1_33' title="bbox 33 3113 963 3216; baseline 0.006 -31"><span class='ocrx_word' id='word_1_224' title='bbox 33 3113 87 3216; x_wconf 69' lang='lat' dir='ltr'>bilia</span> <span class='ocrx_word' id='word_1_225' title='bbox 104 3126 306 3212; x_wconf 83' lang='lat' dir='ltr'>videbantur,</span> <span class='ocrx_word' id='word_1_226' title='bbox 334 3149 384 3212; x_wconf 89' lang='lat' dir='ltr'>ea,</span> <span class='ocrx_word' id='word_1_227' title='bbox 408 3128 496 3192; x_wconf 92' lang='lat' dir='ltr'>omni</span> <span class='ocrx_word' id='word_1_228' title='bbox 518 3129 659 3212; x_wconf 88' lang='lat' dir='ltr'>periculo</span> <span class='ocrx_word' id='word_1_229' title='bbox 683 3130 779 3212; x_wconf 89' lang='lat' dir='ltr'>atque</span> <span class='ocrx_word' id='word_1_230' title='bbox 804 3127 892 3191; x_wconf 91' lang='lat' dir='ltr'>omni</span> <span class='ocrx_word' id='word_1_231' title='bbox 914 3127 963 3191; x_wconf 91' lang='lat' dir='ltr'>in-</span> 
     </span>
     <span class='ocr_line' id='line_1_34' title="bbox 33 3209 963 3301; baseline 0.011 -31"><span class='ocrx_word' id='word_1_232' title='bbox 33 3209 94 3273; x_wconf 85' lang='lat' dir='ltr'>udia</span> <span class='ocrx_word' id='word_1_233' title='bbox 112 3237 167 3297; x_wconf 90' lang='lat' dir='ltr'>pro</span> <span class='ocrx_word' id='word_1_234' title='bbox 190 3217 294 3281; x_wconf 90' lang='lat' dir='ltr'>nihilo</span> <span class='ocrx_word' id='word_1_235' title='bbox 317 3217 442 3301; x_wconf 88' lang='lat' dir='ltr'>habita,</span> <span class='ocrx_word' id='word_1_236' title='bbox 470 3218 614 3282; x_wconf 90' lang='lat' dir='ltr'>animose</span> <span class='ocrx_word' id='word_1_237' title='bbox 638 3237 676 3281; x_wconf 90' lang='lat' dir='ltr'>ac</span> <span class='ocrx_word' id='word_1_238' title='bbox 702 3215 829 3280; x_wconf 85' lang='lat' dir='ltr'>fortiter</span> <span class='ocrx_word' id='word_1_239' title='bbox 852 3239 963 3300; x_wconf 90' lang='lat' dir='ltr'>ampu-</span> 
     </span>
     <span class='ocr_line' id='line_1_35' title="bbox 34 3297 963 3390; baseline 0.006 -26"><span class='ocrx_word' id='word_1_240' title='bbox 34 3297 96 3364; x_wconf 71' lang='lat' dir='ltr'>tavit.</span> <span class='ocrx_word' id='word_1_241' title='bbox 124 3302 238 3390; x_wconf 87' lang='lat' dir='ltr'>Itaque</span> <span class='ocrx_word' id='word_1_242' title='bbox 257 3327 367 3370; x_wconf 88' lang='lat' dir='ltr'>earum</span> <span class='ocrx_word' id='word_1_243' title='bbox 384 3327 491 3370; x_wconf 88' lang='lat' dir='ltr'>rerum</span> <span class='ocrx_word' id='word_1_244' title='bbox 510 3327 586 3390; x_wconf 87' lang='lat' dir='ltr'>ergo</span> <span class='ocrx_word' id='word_1_245' title='bbox 609 3306 733 3389; x_wconf 89' lang='lat' dir='ltr'>primus</span> <span class='ocrx_word' id='word_1_246' title='bbox 755 3306 963 3370; x_wconf 88' lang='lat' dir='ltr'>meritissimo</span> 
     </span>
     <span class='ocr_line' id='line_1_36' title="bbox 35 3390 962 3478; baseline 0.001 -24"><span class='ocrx_word' id='word_1_247' title='bbox 35 3401 85 3450; x_wconf 69' lang='lat' dir='ltr'>eum</span> <span class='ocrx_word' id='word_1_248' title='bbox 106 3390 260 3458; x_wconf 87' lang='lat' dir='ltr'>honorem</span> <span class='ocrx_word' id='word_1_249' title='bbox 287 3398 477 3459; x_wconf 83' lang='lat' dir='ltr'>consecutus</span> <span class='ocrx_word' id='word_1_250' title='bbox 500 3399 562 3478; x_wconf 85' lang='lat' dir='ltr'>est,</span> <span class='ocrx_word' id='word_1_251' title='bbox 590 3399 627 3458; x_wconf 93' lang='lat' dir='ltr'>ut</span> <span class='ocrx_word' id='word_1_252' title='bbox 653 3398 747 3478; x_wconf 90' lang='lat' dir='ltr'>pater</span> <span class='ocrx_word' id='word_1_253' title='bbox 768 3395 891 3478; x_wconf 87' lang='lat' dir='ltr'>patriae</span> <span class='ocrx_word' id='word_1_254' title='bbox 916 3393 962 3455; x_wconf 88' lang='lat' dir='ltr'>di-</span> 
     </span>
     <span class='ocr_line' id='line_1_37' title="bbox 35 3481 962 3568; baseline 0.006 -32"><span class='ocrx_word' id='word_1_255' title='bbox 35 3481 135 3546; x_wconf 79' lang='lat' dir='ltr'>ceretur.</span> <span class='ocrx_word' id='word_1_256' title='bbox 179 3483 230 3547; x_wconf 88' lang='lat' dir='ltr'>Ac</span> <span class='ocrx_word' id='word_1_257' title='bbox 257 3485 285 3547; x_wconf 94' lang='lat' dir='ltr'>si</span> <span class='ocrx_word' id='word_1_258' title='bbox 313 3484 385 3568; x_wconf 89' lang='lat' dir='ltr'>quis</span> <span class='ocrx_word' id='word_1_259' title='bbox 414 3488 475 3568; x_wconf 90' lang='lat' dir='ltr'>cst,</span> <span class='ocrx_word' id='word_1_260' title='bbox 503 3485 559 3568; x_wconf 88' lang='lat' dir='ltr'>qui</span> <span class='ocrx_word' id='word_1_261' title='bbox 585 3484 702 3548; x_wconf 90' lang='lat' dir='ltr'>horum</span> <span class='ocrx_word' id='word_1_262' title='bbox 723 3481 962 3567; x_wconf 86' lang='lat' dir='ltr'>praestantissi-</span> 
     </span>
     <span class='ocr_line' id='line_1_38' title="bbox 35 3569 962 3657; baseline -0.003 -23"><span class='ocrx_word' id='word_1_263' title='bbox 35 3577 130 3633; x_wconf 70' lang='lat' dir='ltr'>morum</span> <span class='ocrx_word' id='word_1_264' title='bbox 152 3593 285 3657; x_wconf 90' lang='lat' dir='ltr'>operum</span> <span class='ocrx_word' id='word_1_265' title='bbox 307 3573 435 3636; x_wconf 86' lang='lat' dir='ltr'>laudem</span> <span class='ocrx_word' id='word_1_266' title='bbox 458 3573 498 3637; x_wconf 92' lang='lat' dir='ltr'>ab</span> <span class='ocrx_word' id='word_1_267' title='bbox 522 3573 705 3657; x_wconf 89' lang='lat' dir='ltr'>eloquentia</span> <span class='ocrx_word' id='word_1_268' title='bbox 731 3591 897 3635; x_wconf 82' lang='lat' dir='ltr'>removens</span> <span class='ocrx_word' id='word_1_269' title='bbox 922 3569 962 3632; x_wconf 88' lang='lat' dir='ltr'>ad</span> 
     </span>
    </p>
   </div>
   <div class='ocr_carea' id='block_1_3' title="bbox 749 3676 802 3728">
    <p class='ocr_par' dir='ltr' id='par_1_3' title="bbox 749 3676 802 3728">
     <span class='ocr_line' id='line_1_39' title="bbox 749 3676 802 3728; baseline -0.038 0"><span class='ocrx_word' id='word_1_270' title='bbox 749 3676 802 3728; x_wconf 71' lang='lat'>14*</span> 
     </span>
    </p>
   </div>
   <div class='ocr_carea' id='block_1_4' title="bbox 0 0 1169 3942">
    <p class='ocr_par' dir='ltr' id='par_1_4' title="bbox 0 0 1169 3942">
     <span class='ocr_line' id='line_1_40' title="bbox 0 0 1169 3942; baseline 0 0"><span class='ocrx_word' id='word_1_271' title='bbox 0 0 1169 3942; x_wconf 95' lang='lat' dir='ltr'> </span> 
     </span>
    </p>
   </div>
  </div>
 </body>
</html>
