2368 3956
413 163 533 222 CAPUT
551 165 637 222 XXV,
936 167 998 234 151

57 309 120 392 tela3
140 329 245 394 neque
272 310 359 375 enim
385 313 503 395 terrae,
531 334 629 396 quam
655 312 718 397 ipsi
746 317 854 398 arant,
877 314 1000 380 domini

56 419 161 462 sunus.
205 395 278 464 Hoc
301 398 518 485 Pherecydem
547 399 675 486 Syrium
701 423 833 468 nauare
861 402 908 468 ait
930 400 999 468 Gle-

55 507 134 552 mens
155 484 436 575 Alexandrinus1).
481 487 667 555 Herodotus
690 495 798 556 autem
820 490 855 556 in
877 489 999 576 Melpo·

55 571 166 662 nene¹)
188 575 274 642 hanc
287 577 393 662 ipsam
405 578 576 644 historiam
590 579 756 664 aliquanto
773 580 866 646 aliter
878 584 998 646 narrat.

386 822 532 893 CAPUT
554 823 658 892 XXV.

54 961 226 1017 HOMERUM
235 961 1000 1036 ETAESCHYLUMATHENIENSES‚TYRTAEUM

117 1051 398 1108 LACEDAEMONII
417 1051 492 1119 QUO
510 1051 664 1108 HONORE
682 1053 922 1109 mensuretur.

114 1159 251 1228 Homeri
281 1165 432 1247 poemata
464 1163 579 1249 quanti
610 1163 745 1229 fecerint
776 1161 1000 1247 Athenienses,

56 1272 201 1336 quemque
223 1251 318 1315 utilia
337 1271 407 1316 esse
430 1251 471 1316 ad
492 1251 739 1317 inflammandos
761 1251 940 1318 honestatis
964 1273 1001 1318 ac

55 1339 212 1425 dignitatis
236 1361 345 1405 amore
368 1341 493 1406 animos
515 1341 700 1425 iudicarint,
726 1339 803 1406 hinc
825 1341 1001 1406 existimari

54 1429 129 1512 licet,
152 1429 240 1513 quod
261 1429 367 1514 legem
389 1430 548 1514 tulerunt,
568 1432 607 1494 ut
629 1430 742 1516 quinto
765 1450 892 1514 quoque
914 1450 1000 1494 anno

55 1517 338 1584 inPanathenceis
361 1519 429 1583 eius
455 1518 552 1584 unius
575 1539 614 1583 ex
641 1518 730 1583 omni
752 1521 920 1603 petitarum
942 1539 1001 1582 nu-

55 1627 130 1672 mero
160 1607 304 1671 carmina
330 1606 457 1692 publice
485 1610 685 1673 canerentur.
733 1605 785 1672 Ita
806 1607 893 1672 enim
915 1606 1001 1692 cogi-

55 1695 172 1779 tabant,
205 1697 293 1782 leges
329 1695 513 1781 praecipere
546 1696 676 1781 quidem
708 1695 785 1781 quid
820 1695 1001 1761 faciendum

55 1783 296 1870 fugiendumque
324 1785 380 1870 sit,
407 1785 463 1849 sed
484 1788 617 1869 propter
639 1783 830 1849 brevitatem
856 1806 924 1850 non
945 1785 1001 1849 do-

56 1893 126 1939 cere:
151 1877 187 1938 at
208 1876 336 1958 poetas,
358 1873 414 1958 qui
436 1873 538 1939 vitam
559 1872 727 1938 hominum
749 1871 927 1958 imitantes,
949 1894 1001 1938 res

55 1961 207 2044 praeclare
231 1983 269 2026 ac
291 1961 418 2028 fortiter
440 1964 549 2048 gestas
567 1963 696 2045 copiose
714 1963 911 2046 exponerent
933 1981 1001 2026 eas·

56 2071 105 2134 que
126 2051 363 2136 propemodum
377 2054 452 2116 ante
466 2051 576 2116 oculos
590 2051 838 2135 constituerent,
860 2049 1001 2133 aptiores

56 2159 113 2204 esse
140 2140 183 2204 ad
214 2139 482 2224 persuadendum.
535 2137 680 2205 Similem
709 2141 817 2204 autem
845 2137 1003 2204 honorem

55 2226 229 2295 habuerunt
250 2227 498 2294 Lacedaemonii
516 2227 664 2314 Tyrtaec.
708 2225 790 2295 Cum
813 2227 899 2292 enim
922 2230 1002 2292 cete-

56 2318 136 2403 roqui
150 2339 171 2382 a
183 2317 320 2402 poeticis
334 2317 448 2383 studiis
467 2316 564 2382 alieni
583 2320 691 2384 essent
712 2337 817 2402 neque
834 2318 1003 2400 poetarum

57 2409 158 2472 cantus
179 2407 321 2472 libenter
343 2406 504 2488 audirent,
530 2406 602 2491 lege
624 2410 736 2471 tamen
758 2404 1003 2488 constituerant,

56 2497 85 2557 ut
109 2495 236 2580 quoties
265 2516 338 2560 cum
365 2494 515 2562 hostibus
542 2494 750 2560 dimicaturus
772 2494 809 2559 in
834 2493 1003 2579 procinctu

57 2584 246 2648 constitisset
264 2583 431 2667 exercitus,
445 2586 700 2649 convocarentur
713 2583 832 2648 milites
845 2583 881 2647 in
897 2582 1003 2647 tober-

57 2673 197 2738 nacnlum
224 2672 350 2757 regium
376 2671 485 2757 ibique
508 2671 675 2760 audiendis
698 2671 829 2756 'lhrtaei
856 2670 1003 2736 carmini-

57 2758 107 2824 bus
130 2762 170 2826 ad
194 2757 443 2846 spernendam³)
465 2782 525 2846 pro
546 2760 765 2846 patriauitam
782 2759 1002 2824 incitarentur.

57 2847 208 2935 Aeschylo
232 2871 360 2935 quoque
382 2849 469 2914 idem
490 2871 590 2935 prope
612 2850 751 2916 honosa
768 2846 1003 2935 populoAthe-

57 2936 152 3004 riensi
173 2938 316 3004 tributus
330 2941 388 3004 eet
423 2937 528 3005 'Unius
542 2939 629 3003 enim
642 2960 682 3004 ex
699 2937 849 3003 omnibus
871 2937 1003 3022 tragicis

57 3023 176 3092 fabulae
201 3028 275 3111 ipso
303 3027 402 3092 etiam
428 3031 556 3094 mortuo
586 3029 625 3094 ut
655 3026 845 3094 docerentur
876 3025 1003 3092 decreto

59 3114 176 3195 publico
200 3119 359 3182 statutum
382 3119 460 3182 erat

123 3290 141 3358 ¹)
161 3289 263 3346 Strom.
282 3290 315 3346 V.
335 3297 361 3349 8.
443 3286 529 3361 ²)IV.
550 3295 609 3345 131.

121 3359 142 3430 ⁸)
160 3361 314 3418 Lambinus
332 3404 339 3418 .
359 3360 493 3418 ..docte
520 3360 664 3431 disputans
691 3359 727 3416 de
749 3359 909 3416 discrimine
931 3359 1004 3416 iuter

59 3442 173 3496 where
189 3434 220 3490 et
237 3438 402 3492 contemnere
419 3431 502 3490 malit
519 3431 746 3488 contemnendam.
783 3431 817 3488 D.
835 3430 870 3486 R.
