2328 3956
185 208 227 273 72
524 187 808 255 arrsrcarnvn.

180 353 243 420 sibi
260 374 328 418 non
344 353 481 437 placere,
502 373 616 438 meque
634 373 693 436 per
713 333 799 417 55108
814 357 938 401 summa
951 340 1120 407 auetorilatr

180 442 345 528 praeditos
354 441 552 508 monendum
561 441 728 526 curaverit,
741 462 782 506 ne
793 447 834 505 ei
843 425 922 504 lube
932 427 1119 535 discuterem

180 532 245 598 sibi
280 553 375 598 curae
411 531 495 616 fore,
530 534 567 596 ut
597 551 640 595 ne
670 532 706 595 in
737 530 816 594 urbe
849 529 1001 593 deteriun
1030 520 1120 583 tondi·

179 621 271 688 tione
293 643 405 706 essem,
429 641 527 705 quarn
545 641 627 706 quae
645 619 726 684 mihi
744 619 780 682 in
798 617 935 682 Polonia
953 611 1119 680 deferretur.

180 710 268 789 Quin
297 711 396 776 etiam
423 709 465 775 ad
495 709 746 795 quingentorum
773 727 942 772 aureorum
968 723 1119 770 numerum

181 800 386 886 stipendium,
410 798 496 884 quod
513 797 594 862 mihi
611 797 678 862 iam
695 795 820 881 pridem
836 795 1046 862 constitutum
1058 799 1120 878 erat,

181 891 293 956 statim
309 889 474 954 ducentos
502 886 597 951 adfici
622 886 730 970 iussit,
756 884 985 970 mandavitque
1006 883 1120 948 Dataric

182 1001 241 1045 suo
248 977 284 1063 ¹),
306 979 411 1062 primo
432 997 558 1061 quoque
576 979 722 1060 tempore
740 995 869 1060 quoquc
882 973 1122 1060 modoefficeret,

181 1071 219 1132 ut
256 1066 384 1131 aliunde
420 1065 501 1129 mihi
535 1064 673 1130 nocenti
713 1064 802 1128 aurei
839 1063 930 1128 numi
969 1062 1125 1149 quotannis

182 1155 406 1241 penderentur.
443 1153 495 1218 Ea
516 1175 551 1218 re
573 1153 696 1218 lactum
718 1156 777 1237 est,
799 1156 836 1217 ut
858 1155 989 1218 coactus
1010 1152 1067 1217 sim
1083 1151 1124 1216 ds

182 1265 303 1329 ponere
325 1242 510 1326 consilium,
536 1242 625 1328 quod
646 1261 808 1326 ceperam,
833 1241 987 1306 veniendi
1009 1241 1047 1307 ad
1066 1262 1123 1306 ros:

184 1355 204 1398 a
227 1355 305 1419 quo,
327 1353 369 1397 ne
390 1331 506 1414 vivam,
529 1331 557 1396 si
580 1351 632 1396 me
656 1331 720 1394 alia
741 1330 809 1395 ulla
830 1351 881 1395 res
906 1353 1006 1417 quam
1028 1331 1124 1396 sumni

184 1421 351 1486 Pontificis
368 1421 518 1485 voluntas
537 1421 634 1504 amne
654 1419 828 1484 auctoritas
847 1418 1006 1485 abducere
1023 1419 1124 1504 potuis-

185 1513 242 1576 set
278 1509 416 1594 Interea,
439 1509 537 1572 etiam
554 1510 682 1574 tacente
699 1529 761 1590 me,
782 1507 876 1573 facile
894 1529 1010 1573 omnes
1027 1508 1124 1590 vident,

185 1601 343 1682 quantum
362 1597 566 1662 serenissimo
581 1619 619 1662 ac
631 1596 858 1680 potentissimo
871 1595 957 1682 Regi
972 1596 1125 1682 Stephano,

185 1689 343 1771 quantum
368 1685 443 1769 tibi,
471 1684 614 1751 Zamosci
636 1685 826 1770 clarissime,
853 1685 1000 1752 debeam.
1041 1684 1126 1750 Vobis

186 1774 281 1858 enim,
302 1773 367 1838 nisi
388 1775 483 1858 plane
500 1774 648 1860 ingratus
667 1774 738 1858 sim,
759 1774 930 1840 hanutum
948 1775 1125 1842 luculentam

185 1864 390 1928 fortunarum
422 1883 567 1928 mearum
599 1863 815 1928 accessionem
846 1867 1014 1947 acceptam
1044 1863 1126 1928 feren

185 1973 315 2018 necesse
343 1955 401 2018 est
446 1950 564 2036 Quare,
591 1951 668 2016 dum
696 1951 817 2036 vivam,
844 1973 896 2016 me
923 1953 1052 2037 utrique
1071 1956 1125 2015 tan-

185 2045 256 2106 tum
280 2041 395 2107 debere
416 2040 521 2106 fatear
543 2043 681 2124 oportet,
703 2043 860 2124 quantum
883 2039 924 2105 ab
942 2040 1072 2106 homine
1088 2040 1126 2102 de·

186 2131 256 2195 beri
284 2129 409 2195 homini
437 2129 611 2213 plurimum
637 2131 755 2214 potest.
804 2127 836 2193 A
862 2132 894 2193 te
922 2129 1023 2195 etiarn
1048 2151 1067 2194 a
1098 2147 1127 2192 ue

187 2219 285 2283 etiarn
307 2221 392 2302 peto,
414 2221 451 2282 ut
472 2217 553 2282 mihi
569 2217 698 2283 veniam
717 2239 737 2282 a
754 2217 959 2282 serenissimo
978 2217 1067 2304 Rege
1082 2218 1126 2280 im·

186 2309 303 2392 petrea,
324 2306 448 2391 tibique
464 2306 667 2390 persuadeas,
691 2306 719 2371 si
736 2307 838 2371 ullum
856 2310 985 2390 tempus
1003 2327 1127 2391 unquam

187 2395 323 2479 eveniat,
345 2399 382 2460 ut
399 2417 451 2460 me
468 2395 569 2460 vitam
587 2395 692 2480 ipsam
708 2396 760 2460 vel
776 2417 836 2479 pro
850 2394 1022 2462 Maiestate
1035 2395 1128 2480 ipsius,

141 2485 145 2490 ’
187 2484 239 2548 vel
259 2505 319 2568 pro
341 2485 408 2568 tua,
430 2483 604 2550 clarissime
623 2483 778 2568 Zamcsci,
792 2483 959 2570 ,dignitate
982 2485 1019 2548 in
1036 2481 1128 2549 discri-

187 2591 263 2636 men
296 2593 454 2654 exponere
484 2575 645 2657 oporteat,
675 2573 799 2636 nemini
827 2593 879 2637 me
908 2592 1128 2652 concessurum,

188 2660 243 2745 qui
274 2659 308 2725 id
337 2661 518 2746 promptius
546 2665 602 2726 aut
628 2661 744 2726 maiori
771 2661 879 2726 animo
903 2661 1010 2728 faciat
1054 2659 1128 2725 Vale.

185 2749 320 2816 Romae.
342 2747 476 2814 Kalend.
498 2747 666 2816 Decembr.
686 2767 866 2816 unnnvn.

262 2979 283 3050 ¹)
297 2978 445 3046 Deterior,
460 2976 508 3048 qui
520 2979 631 3048 praeest
644 2979 827 3036 cancellariae
840 2976 1130 3050 pontificalifflaurtrt·

189 3051 325 3119 director).
362 3049 437 3105 Nam
460 3047 571 3104 dataria
593 3047 696 3104 dieitur
713 3051 820 3104 Romae
843 3049 932 3119 curia,
955 3049 985 3104 in
1003 3065 1059 3118 qua
1074 3063 1129 3118 pon·

189 3121 273 3175 tificis
291 3120 405 3176 nomine
424 3138 487 3176 cum
506 3119 579 3175 aliae
593 3119 705 3176 litterae
719 3120 928 3191 perscribuntur
940 3122 970 3174 et
983 3119 1130 3190 consignan-

190 3192 245 3262 tur,
263 3193 325 3247 tum
342 3191 479 3248 beneficia
496 3207 547 3262 per
563 3191 674 3247 litteras
691 3191 902 3262 promittuntur.
937 3190 1034 3260 Kraft.

587 3406 747 3424 —q-——n--n
