2360 3944
163 236 203 300 16
549 233 684 290 0111110
702 235 738 290 11.

161 385 194 445 et
214 381 417 446 exornandae
436 380 593 448 orationis
615 383 787 463 praecepta
808 379 907 464 tradi,
930 401 998 444 non
1019 402 1063 444 ex
1086 403 1131 444 eo

161 473 271 533 tamen
285 469 476 552 efficeretur,
495 469 581 552 quod
594 469 649 531 isti
663 469 789 552 volunt,
809 468 940 532 inanem
954 469 1128 552 quandam

162 561 195 621 et
216 558 372 622 ludicram
392 559 538 622 nostram
558 577 687 621 omnem
707 577 775 620 esse
797 555 989 639 doctrinam,
1013 578 1131 640 neque

160 646 226 710 alio
254 668 351 730 quam
378 646 419 709 ad
445 664 618 729 puerorum
645 643 770 708 animos
792 665 877 708 vana
900 645 1043 728 quadam
1070 647 1132 710 ob-

160 735 334 799 lectatione
362 733 587 798 demulcendos
615 732 736 796 referri.
790 731 922 796 Etenim
948 737 1134 816 po'e‘tarum

162 822 305 906 fabulae,
332 845 412 907 quas
434 822 489 885 isti
516 824 685 904 tantopere
709 821 875 905 exagitant
898 824 931 884 et
956 821 1135 885 insectan-

162 915 229 995 tur,
247 933 314 975 non
332 911 416 974 levia
430 909 587 992 quaedam
606 912 638 972 et
655 909 758 993 frugis
777 909 921 992 expertia
939 909 1136 974 otiosorum

163 999 331 1064 hominum
348 1001 530 1063 commenta
549 1001 637 1080 sunt3
659 998 757 1061 immo
775 1018 852 1062 vero
872 998 931 1061 sub
953 999 1007 1080 iis,
1031 1000 1137 1062 velut

162 1087 336 1151 involucris
364 1089 460 1169 atque
487 1086 730 1170 integumentis,
758 1087 862 1150 omnis
886 1086 1036 1150 doctrina
1064 1088 1137 1150 ele-

161 1195 258 1258 gans,
279 1174 383 1238 omnis
403 1174 546 1258 ingenuo
567 1174 698 1238 homine
716 1173 816 1258 digna
834 1175 991 1258 cognitio,
1013 1177 1137 1238 omnis

163 1263 299 1346 denique
318 1263 477 1346 sapientia
495 1263 686 1326 continetur.
715 1261 1004 1348 Eratosthenem*)
1020 1285 1137 1346 quen·

163 1350 238 1414 dam
260 1350 360 1414 fuisse
383 1351 487 1433 aiunt,
511 1350 566 1434 qui
588 1351 736 1434 politicen
757 1350 805 1412 ita
825 1353 1066 1435 contemneret,
1094 1358 1139 1416 ut

162 1438 341 1504 Homerum
358 1440 487 1522 ineptae
505 1438 710 1522 loquacitatis
723 1439 913 1522 magistrum
926 1439 1137 1505 nominaret.

162 1527 210 1590 At
232 1532 317 1591 certe
339 1527 447 1612 Plato,
474 1531 509 1590 at
530 1527 736 1608 Aristoteles,
759 1548 896 1609 quorum
917 1547 984 1591 non
1007 1529 1137 1610 paullo

162 1615 266 1679 maior
280 1619 330 1678 cst
343 1637 439 1698 quam
457 1616 565 1678 nescio
585 1616 674 1678 cuius
688 1613 914 1678 Eratosthenis
933 1617 1138 1700 auctoritas

163 1703 210 1764 ita
242 1724 336 1786 saepe
368 1703 512 1786 repetitis
545 1723 583 1766 ex
615 1723 652 1766 eo
684 1703 878 1766 testimoniis
910 1706 1052 1766 utuntur
1090 1707 1139 1768 ad

163 1790 385 1854 confirmanda
403 1812 454 1875 ea,
477 1811 558 1873 quae
581 1790 728 1873 tradunt,
750 1792 788 1854 ut
807 1812 880 1854 eum
900 1812 969 1856 non
987 1794 1139 1857 tantum

162 1878 396 1943 studiosissime
423 1879 552 1963 legisse,
580 1878 635 1942 sed
657 1879 711 1942 vix
738 1900 880 1962 unquam
903 1879 942 1943 de
968 1881 1140 1946 manibus

162 1966 349 2050 deposuisse
367 1967 545 2032 videantur.
578 1965 692 2051 Itaque
710 1966 822 2030 mirari
840 1969 940 2052 soleo,
958 1989 1033 2031 curn
1055 1972 1141 2053 qui·

164 2055 252 2140 dam,
275 2057 330 2140 qui
353 2079 386 2120 se
408 2055 619 2140 philosophos
642 2055 742 2120 videri
764 2055 911 2140 cupiunt,
934 2057 1142 2139 etquidem

163 2144 321 2208 eiusmodi
338 2144 562 2228 philosophos,
584 2147 634 2225 ut,
656 2147 811 2227 tanquam
828 2143 962 2208 Atlante
984 2146 1143 2230 coelum,

164 2232 211 2294 ita
233 2232 472 2314 philosophiam
495 2232 664 2314 supercilio
687 2253 745 2296 suo
768 2231 830 2294 uiti
847 2235 975 2316 putent,
997 2233 1048 2296 ita
1076 2235 1141 2300 de-

165 2319 303 2402 spicatui
325 2319 447 2383 ducunt
468 2323 595 2404 po'e'tas,
621 2323 791 2385 uteorum
813 2321 933 2404 scripta
955 2320 1142 2404 adspicere

164 2427 199 2470 se
215 2407 342 2491 dignari
359 2412 489 2492 negent.
516 2405 578 2483 Qui
592 2407 721 2491 quidem
739 2408 916 2472 cuiusmodi
933 2408 1143 2495 philosophi

163 2495 244 2577 sint,
261 2495 325 2578 ipsi
342 2495 493 2580 viderint,
512 2517 584 2560 curn
602 2517 657 2560 eos
676 2499 898 2580 contemnant,
916 2518 996 2580 quos
1015 2498 1143 2580 philo-

165 2583 342 2667 sophorum
362 2586 560 2668 coryphaeus
578 2583 672 2648 Plato
695 2584 790 2648 modo
812 2585 988 2668 sapientiae
1009 2591 1143 2668 patres

163 2693 203 2736 ac
226 2672 337 2756 duces,
359 2672 455 2737 modo
471 2672 614 2738 Deorum
636 2673 840 2756 interpretes,
862 2674 958 2738 modo
975 2671 1144 2744 Deorum

163 2761 249 2826 filios
263 2763 367 2826 vocat.
391 2759 583 2826 Aristoteles
598 2763 714 2845 autem,
727 2760 817 2825 cuius
831 2761 886 2824 isti
900 2783 933 2825 se
948 2781 1144 2846 germanos

220 2937 245 3004 *)
264 2935 350 2989 Nullo
369 2935 452 2990 modo
471 2935 604 2991 credibile
627 2936 682 3002 est,
705 2934 933 3004 Eratosthenem,
957 2937 1146 2999 excellentis

162 3005 310 3061 doctrinae
323 3006 416 3060 virum
435 3008 464 3060 et
482 3007 614 3073 eundem,
634 3005 708 3074 quod
724 3005 852 3076 inprimis
867 3007 903 3060 ad
917 3023 975 3062 rem
988 3009 1146 3082 pertinet,

163 3079 280 3160 poetam
306 3078 405 3162 talem,
433 3079 466 3162 ut
488 3076 630 3163 Longinus
653 3095 681 3130 π.
705 3069 755 3144 du.
779 3081 802 3142 ἕ.
821 3083 863 3130 33.
887 3077 947 3132 eius
969 3077 1148 3164 Epigonem

164 3149 533 3272 attestante?
552 3147 1149 3287 lassescet*assistetis

163 3283 324 3338 criminatio
343 3286 455 3368 fluxerit
473 3304 507 3341 ex
520 3288 593 3342 male
607 3287 750 3342 intellecto
768 3260 832 3342 1000'
845 3288 990 3343 Strabonis
1004 3289 1025 3343 Ι.
1041 3307 1074 3359 p.
1089 3247 1149 3352 32}

166 3359 207 3407 35.
229 3361 271 3408 45.
296 3371 372 3424 seqq.
392 3357 441 3410 ubi
459 3357 658 3413 Eratosthenes
676 3357 828 3412 Homerum
850 3359 1042 3430 reprehendit,
1070 3382 1149 3423 non

164 3425 346 3493 loquacitatis
370 3428 494 3495 nomine,
519 3429 567 3483 sed
586 3429 674 3498 quod,
698 3429 792 3484 omnia
812 3429 849 3483 ad
872 3430 1026 3500 legentium
1045 3436 1147 3492 voln-

165 3497 275 3564 ptatem
288 3497 422 3564 referens,
442 3515 498 3552 non
512 3515 603 3568 pauca
616 3499 728 3554 finxerit
740 3501 931 3572 geographiae
945 3503 974 3556 et
986 3501 1146 3565 historiae

164 3567 361 3636 repugnantia.
393 3567 505 3622 Ruhnk.
