2330 3944
407 169 542 228 ORATIO
560 169 993 239 XV.151

43 337 105 380 non
126 315 160 380 in
182 335 239 380 ore
261 314 360 379 nasci
395 313 485 380 Haec
507 317 681 401 praecipua
703 317 859 383 orationis
882 317 996 404 virtus,

46 425 118 486 quae
149 424 188 468 ex
221 403 370 468 omnibus
407 403 616 487 scriptoribus
649 403 820 470 Latinis
810 425 846 470 ιιι
881 405 994 472 Tacito

45 491 206 576 praecipue
233 491 387 576 cernitur,
410 491 572 576 effecit,u
550 494 755 558 utomnium
778 497 921 559 aetatum
945 515 995 560 sa·

46 580 229 665 pientissimi
252 580 383 664 quique,
411 581 466 664 qui
494 541 562 645 nbn
590 581 682 645 inani
709 581 880 648 verborum
903 603 995 668 sono,

45 668 95 734 sed
119 668 269 734 bonitate
291 672 324 734 et
349 669 508 754 gravitates
536 670 770 734 sententiarum
793 670 994 756 ducerentur,

46 757 209 860 praecipuo
241 757 279 821 in
308 757 432 822 honore
465 755 614 822 Tacitum
650 779 777 842 semper
811 759 995 844 habuerint,

46 847 168 928 eiusque
199 845 362 910 assiduam
386 849 419 910 et
441 849 625 912 accuratam
647 847 820 912 lectionem
843 847 993 932 principi·

46 933 141 998 ιιι
111 933 189 1000 uris
203 934 349 999 omnium
358 935 563 1000 utilissimam
576 935 758 1000 iudicarint.
780 933 894 1020 Neque
908 955 995 1022 vero,

46 1021 135 1088 utid
160 1023 209 1088 ita
236 1044 305 1088 esse
332 1023 478 1108 doceam,
509 1023 565 1089 illo
600 1024 773 1110 praecipuo
802 1028 994 1116 argumento

45 1111 138 1196 nitar,
159 1111 247 1194 quod
269 1109 312 1175 M.
335 1111 466 1178 Tacitus
489 1131 557 1177 non
569 1111 751 1197 imperator
772 1116 914 1197 tantum,
938 1111 992 1178 sed

44 1221 137 1302 prope
165 1199 339 1304 singularis
372 1201 509 1284 exempli
536 1199 731 1286 Imperator,
761 1201 858 1266 huius
889 1202 995 1266 nostri

42 1289 213 1374 imaginem
235 1288 270 1352 in
293 1289 442 1354 omnibus
464 1288 564 1354 biblio
566 1289 668 1355 thecis
695 1290 858 1374 collocari,
884 1287 995 1371 libros,

45 1377 258 1461 reperirent,
281 1377 453 1461 quotannis
476 1377 581 1444 decies
603 1377 741 1443 describi
762 1378 854 1444 etin
849 1339 995 1442 archiis

45 1465 149 1532 civicis
170 1465 330 1530 asservari
351 1466 465 1532 voluit:
490 1487 563 1530 cum
586 1487 621 1531 se
644 1467 742 1531 etiam
765 1466 806 1530 ab
830 1485 868 1530 eo
892 1465 995 1551 genus

47 1554 153 1620 ducere
176 1545 379 1638 gloriaretur.
414 1553 535 1620 Vetera
556 1555 645 1620 illa
634 1573 700 1620 ram
723 1557 758 1619 et
779 1554 938 1638 obsoleta,
961 1557 995 1618 et

45 1643 270 1727 exemplorum,
298 1663 379 1726 quae
405 1645 574 1728 tantopere
601 1663 621 1707 a
647 1643 847 1728 temporibus
873 1605 995 1708 nostris

46 1735 163 1798 remota
190 1735 283 1814 sunt,
306 1732 413 1796 minus
440 1751 560 1818 magna
586 1731 635 1796 vis
662 1734 712 1796 est
697 1731 780 1796 tad
806 1751 996 1816 permoven-

47 1820 125 1886 dum.
159 1819 284 1885 Paulus
302 1819 362 1884 ΙΙΙ
384 1819 419 1884 Ρ.
441 1819 494 1905 M,
522 1841 585 1904 quo
612 1821 738 1885 nullum
765 1821 996 1906 sapientiorem

47 1930 148 1974 senem
170 1912 285 1973 nostra
306 1909 387 1974 vidit
409 1912 511 1994 aetas,
533 1908 680 1974 Taciturn
704 1928 799 1992 saepe
821 1907 994 1994 relegendo

49 1997 239 2062 contriverat
240 2018 370 2082 ,neque
383 1998 486 2064 ullum
499 1997 673 2082 profanum
692 1997 880 2098 scriptorem
894 2016 996 2080 aeque

50 2085 177 2152 libenter
199 2086 336 2170 legebat.
368 2083 504 2150 Cosmus
526 2085 680 2170 Medicas,
703 2085 759 2168 qui
780 2085 904 2186 primus
926 2081 996 2148 Ma·

48 2195 124 2258 gnus
145 2173 297 2240 Etruriae
319 2173 394 2239 Dux
420 2175 496 2258 fuit,
522 2174 621 2240 homo
643 2173 749 2240 factus
773 2173 845 2236 ad'
835 2193 997 2274 imperan

46 2263 130 2348 dum,
152 2263 210 2346 qui
232 2284 316 2348 eam,
339 2284 422 2347 quae
444 2225 541 2348 vulgo
564 2263 698 2328 fortuna
715 2261 793 2326 dicit
779 2265 845 2344 t,ur
866 2262 996 2328 incon·

46 2352 112 2417 silio
140 2356 174 2416 et
199 2351 371 2435 prudentia
398 2351 573 2418 consistere
605 2351 727 2434 docuit,
759 2311 863 2414 Taciti
894 2350 997 2416 libros

45 2440 76 2503 in
101 2439 223 2504 deliciis
255 2440 409 2525 habebat,
440 2461 613 2524 eorumque
643 2439 717 2504 lect
693 2443 782 2504 trone
814 2434 997 2502 avidissime

45 2527 217 2593 fruebatur.
253 2527 366 2630 Neque
393 2550 461 2594 non
487 2529 582 2592 hodie
609 2527 704 2592 multi
731 2530 788 2593 aut
814 2527 997 2611 principum

46 2621 97 2680 aut
132 2638 258 2700 eorum,
294 2617 349 2700 qui
380 2617 420 2681 de
452 2617 584 2681 summis
615 2616 711 2681 rebus
747 2637 767 2680 a
797 2615 997 2699 principibus

46 2705 76 2767 in
115 2705 288 2770 consilinm
329 2703 535 2789 adhibentur,
580 2705 718 2769 eundem
763 2703 998 2771 studiosissime
1129 2705 1135 2717 '

46 2793 170 2946 ffirnq
186 2797 219 2857 et
251 2793 342 2876 quasi
368 2815 428 2878 pro
456 2793 611 2879 magistro
639 2789 780 2878 quodam
806 2790 997 2876 prudentiae

105 2903 147 2945 en

104 2968 275 3071 Numquid
301 2970 402 3072 igitur
427 2971 628 3036 movebimur
655 2969 744 3035 stult
720 2973 762 3034 trs
794 2967 998 3052 quorundam
1077 2957 1098 3049 ,s

47 3058 174 3122 vocibus
179 3058 280 3142 ,qui,
297 3059 361 3122 nisi
380 3058 492 3160 quod
483 3059 546 3142 1psi
564 3058 777 3141 didicerunt,
778 3057 869 3152 bil
875 3055 998 3156 disoen—
1060 3054 1077 3125 ,ι

46 3145 115 3210 dum
137 3109 273 3230 piabant,
295 3150 328 3210 et
346 3148 498 3230 quoniam
518 3169 537 3211 a
554 3147 717 3232 magistris
736 3145 831 3210 suisr
832 3179 889 3209 ιιιιι
872 3142 1057 3208 'lolim
1161 3220 1162 3224 Ἰ

46 3239 167 3318 praeter
182 3235 328 3300 bucolica
341 3235 472 3321 Virgilii
485 3240 518 3300 et
534 3255 654 3320 paucas
669 3232 831 3299 Ciceronis
845 3233 998 3336 epistolas
1019 3184 1048 3311 s

47 3327 75 3386 et
91 3323 288 3408 orationem,
306 3345 333 3390 ιι
324 3323 448 3409 forte,
467 3323 608 3409 aliquam
626 3321 819 3406 audierunt,
829 3322 909 3387 ab'
888 3343 928 3386 us
947 3342 998 3384 me

48 3409 206 3496 discedere
229 3416 263 3476 et
288 3412 379 3478 vobis
407 3413 557 3498 graviora
583 3433 763 3497 proponere
790 3412 902 3494 iniquo
930 3409 999 3472 ani·
1106 3409 1110 3419 “

48 3519 94 3566 mo
116 3500 251 3566 ferunt‘l
277 3498 332 3566 An
354 3501 524 3586 quisquam
542 3504 685 3566 vestrum
708 3503 770 3584 est,
793 3499 848 3582 qui
866 3518 903 3562 eo
923 3514 1000 3560 con·
