2360 3944
405 260 540 317 ORATIO
558 261 606 316 III.
938 262 980 325 21

60 405 133 467 inea
151 403 195 468 fui
216 405 389 490 sententia,
410 407 609 490 praeclaram
631 407 720 471 illam
743 407 874 470 minime
897 428 981 471 com-

60 493 176 555 nunium
189 494 460 577 contritarumque
473 515 580 558 rerum
597 496 777 579 scientiam,
797 517 893 578 quam
911 495 981 578 phi-

59 580 159 664 losophi
184 583 215 644 et
239 585 349 646 tenere
373 604 407 646 se
435 586 467 646 et
494 583 566 646 aliis
593 583 719 647 tradere
746 583 983 667 profiterentur,

59 668 92 730 ita
114 690 173 732 esse
198 691 270 734 cum
301 670 455 736 facultate
488 675 601 735 ornate
634 672 824 756 copioseque
857 672 983 736 dicendi

59 755 233 822 coniunctam
256 762 353 842 atque
376 760 572 844 copulatam,
594 763 632 824 ut
650 781 704 824 eas
728 761 783 844 qui
806 760 982 824 distrahere

59 865 85 906 ac
105 845 240 910 divellere
268 853 463 912 conarentur
490 850 523 911 et
549 849 600 912 vel
629 870 737 912 rerum
765 848 983 933 cognitionem

59 932 108 995 sine
134 933 194 998 ullo
225 934 330 998 factae
363 957 400 999 ac
431 937 552 1020 politae
584 937 739 1001 orationis
766 936 982 1000 instrumento

14 1091 15 1096 η
58 1023 205 1086 consectari
219 1043 253 1086 se
262 1023 414 1108 dicerent,
427 1025 478 1089 vel
492 1025 662 1089 verborum
675 1024 817 1090 flosculis
830 1024 984 1107 contenti,

14 1171 15 1182 ,
58 1129 86 1170 ne
104 1109 293 1194 adspirarent
315 1113 443 1195 quidem
467 1113 507 1176 ad
520 1113 704 1178 reconditos
723 1113 899 1197 sapientiae
918 1112 983 1176 fru-

14 1235 15 1268 ;
57 1200 119 1280 ctus,
137 1200 270 1282 pessime
288 1203 441 1284 utrosque
460 1205 530 1264 tum
548 1203 627 1285 suis,
649 1205 720 1265 tum
738 1202 849 1265 alienis
869 1201 983 1265 studiis

14 1293 16 1346 l
57 1287 191 1351 consulere
220 1291 254 1352 et
282 1289 408 1352 exitiale
436 1291 528 1373 quasi
551 1290 694 1374 corporis
717 1293 750 1353 et
772 1290 871 1353 animi
894 1289 983 1354 dissi-

14 1393 15 1416 *
57 1371 154 1460 dion*)
176 1376 327 1440 inducere
351 1377 533 1442 arbitrarer.
569 1377 674 1463 Igitur
697 1381 730 1441 et
749 1378 879 1460 abipso
899 1381 983 1440 aeta·

14 1479 15 1536 3
57 1461 86 1524 tis
103 1483 181 1528 meae
202 1465 363 1548 principio
386 1466 433 1529 ita
456 1466 636 1530 studiorum
658 1487 804 1529 meorum
825 1465 984 1530 rationem

57 1553 221 1636 conparavi,
244 1556 283 1616 ut
306 1554 510 1618 exornandae
534 1554 689 1618 orationis
713 1575 822 1618 curam
845 1575 918 1617 cum
936 1575 983 1617 re-

57 1658 108 1700 rum
122 1640 368 1725 investigatione
385 1643 627 1727 coniungerem,
645 1645 678 1706 et
695 1645 808 1726 postea
827 1642 985 1724 omnibuS,

57 1726 95 1806 qui
113 1749 141 1791 se
161 1729 194 1792 in
217 1729 422 1812 disciplinam
439 1731 520 1794 mihi
542 1731 711 1815 dederunt,
734 1734 846 1796 auctor'
864 1730 926 1812 fui,
947 1735 985 1794 ut

57 1814 162 1880 eandem
181 1818 275 1882 illam
297 1818 396 1902 viam,
418 1841 515 1902 quam
537 1819 726 1903 praesertim
748 1819 984 1903 praestantissi-

14 1881 16 1936 l
57 1921 153 1968 norom
174 1906 282 1970 omnis
304 1907 477 1972 memoriae
503 1907 672 1972 hominum
699 1909 861 1991 signatam
889 1911 984 1989 atque

57 1989 214 2072 inpressam
242 1995 389 2080 vestigiis
417 1995 575 2078 viderent,
601 1996 665 2078 ipsi
688 2016 814 2078 quoque
837 1997 907 2058 toto
931 2015 984 2077 pe·

14 2137 15 2144 ,
60 2079 123 2142 ctore
142 2083 293 2166 omnique
316 2083 417 2148 animi
440 2084 646 2148 contentione
670 2085 888 2166 sequerentur.

14 2171 15 2202 ³
103 2168 396 2234 Animadverteram
414 2173 512 2256 enim,
536 2176 569 2236 et
586 2194 654 2256 eos,
674 2193 810 2254 quorum
829 2171 933 2235 omnis
950 2170 986 2234 in

57 2256 245 2322 concinnitate
270 2280 386 2324 vocum
413 2261 507 2324 etin
533 2261 639 2324 verbis
666 2264 822 2343 tanquam
849 2259 890 2322 ad
912 2281 986 2324 nor·

55 2361 118 2407 uam
145 2346 336 2433 dirigendiS,
368 2348 577 2432 quadrandis,
609 2349 839 2433 componendis
872 2369 985 2428 consu·

14 2489 15 2514 ,
55 2436 165 2500 meaos
187 2436 364 2520 industria,
388 2437 428 2500 ab
451 2437 504 2521 iis,
528 2437 643 2520 quibus
662 2458 730 2521 cor,
753 2440 790 2500 ut
809 2437 914 2519 aiunt,
937 2458 985 2499 sa·

53 2524 134 2615 peret,
154 2527 191 2589 ut
212 2526 302 2590 leves
324 2525 497 2608 futilesque
521 2526 697 2606 contemni,
723 2527 756 2588 et
779 2546 847 2608 eos,
874 2524 929 2608 qui
953 2547 985 2588 se

14 2637 15 2662 r
54 2609 86 2668 rte
105 2613 229 2693 penitus
256 2635 365 2678 rerum
390 2614 593 2698 indagationi
624 2613 845 2696 tradidissent,
878 2616 915 2676 ut
948 2613 986 2676 de

53 2701 246 2782 conparanda
267 2702 376 2766 lautae
399 2703 554 2767 orationis
582 2701 778 2786 supellectile
803 2722 872 2764 non
898 2701 986 2764 laho-

14 2797 16 2810 ’
52 2793 165 2872 assent,
198 2790 293 2873 quasi
325 2795 468 2875 agrestes
501 2813 538 2855 ac
569 2791 725 2855 barbaros
758 2787 914 2873 quosdam
946 2789 986 2852 ab

14 2819 16 2928 l
53 2875 177 2940 omnibus
201 2878 439 2962 elegantiorum
461 2879 631 2944 hominum
654 2879 798 2944 coetibus
816 2877 987 2960 repudiari.

14 2933 16 3034 l
51 2955 119 3044 llrgo
141 2965 238 3030 simul
261 2969 359 3050 atque
380 2967 461 3030 mihi
483 2968 610 3050 publice
633 2987 750 3032 munus
778 2964 858 3029 illud
882 2964 987 3048 adsig-

51 3052 140 3114 natum
166 3057 230 3137 est,
262 3058 300 3118 ut
330 3055 393 3118 iter
423 3055 515 3120 vobis
543 3057 584 3120 ad
612 3078 650 3120 ea
682 3054 789 3119 studia
820 3052 987 3138 praeirem,

51 3137 144 3214 quibus
166 3143 286 3206 exculti
313 3143 508 3226 reipublicae
536 3144 708 3228 aliquando
732 3163 825 3206 usum
849 3141 988 3224 aliquem

52 3223 141 3291 afferre
163 3231 316 3314 possetis,
339 3232 450 3295 statim
476 3232 509 3296 id
537 3233 706 3296 consilium
729 3231 812 3315 cepi,
834 3233 871 3293 ut
894 3231 988 3293 alter-

49 3310 86 3374 n's
106 3318 197 3384 annis
220 3319 317 3384 modo
341 3316 505 3384 Ciceronis
529 3321 705 3404 orationeS,
727 3318 822 3382 modo
847 3318 988 3382 eiusdem

51 3397 79 3460 td
105 3403 344 3490 philosophiam
380 3409 580 3491 pertinentes
615 3409 715 3473 libros
751 3409 988 3490 interpretarer.

88 3593 110 3664 *)
127 3593 222 3656 Potius
241 3600 398 3658 discidium.
416 3601 528 3658 Ruhnk.
