2360 3944
185 251 227 314 23
560 246 696 303 onnrio
714 247 762 301 111.

185 396 280 478 89191,
297 393 430 477 reperiri
451 393 627 457 nonnullos
641 412 742 474 usque
757 411 795 455 eo
819 389 982 474 excordes,
1010 392 1048 453 ut
1071 411 1142 454 ora-

185 483 264 547 toris
287 503 404 546 munus
428 481 468 544 ab
495 479 626 546 homine
654 478 878 562 philosophiae
906 478 1021 562 ignaro
1046 480 1141 541 susti-

184 571 255 634 neri
280 591 375 653 posse
403 568 544 633 credant.
584 566 671 632 Nam
697 588 772 631 cum
798 566 847 630 illi
874 566 938 648 ipsi
964 565 1141 648 fateantur,

185 659 247 722 tria
274 679 356 741 esse,
386 677 467 738 quac
491 657 601 721 orator
629 654 763 726 dicendo
793 653 919 718 efficere
947 653 1077 736 debeat,
1105 660 1143 717 ut

184 746 280 810 fidem
301 745 402 810 faciat
423 745 476 826 118,
500 744 555 827 qui
578 743 727 826 audiunt,
748 745 786 806 ut
808 763 864 806 eos
888 743 1047 806 suavitate
1070 764 1142 825 per-

184 833 312 917 fundat,
335 837 368 897 et
389 836 426 898 ut
449 853 560 896 eorum
578 833 702 896 91111108
725 831 810 914 aptis
838 835 871 894 et
891 829 1142 895 accommodatis

185 922 226 986 ad
253 921 464 986 obtinendum
491 920 537 1004 id,
566 919 757 1004 quodvult,
790 917 957 982 affectibus
986 919 1141 983 concitet:

185 1011 310 1074 nullum
341 1011 390 1072 est
420 1009 551 1092 horum,
583 1007 669 1092 quod
699 1006 780 1070 mihi
812 1007 881 1070 sine
912 1006 1140 1090 philosophiae

185 1097 303 1160 auxilio
331 1096 441 1180 perfici
468 1117 563 1180 posse
592 1095 747 1160 videatur.
784 1093 839 1159 An
867 1116 944 1159 vero
971 1093 1141 1159 faciendae

184 1185 259 1248 fidei
281 1184 342 1248 erit
364 1184 512 1267 idoneus,
535 1184 591 1268 qui
612 1205 680 1248 non
702 1184 775 1248 illos
798 1205 818 1246 a
839 1182 1042 1266 philosophis
1065 1206 1140 1267 pro-

186 1273 310 1356 positos
333 1272 440 1337 fontes
456 1273 563 1336 animo
584 1275 616 1336 et
635 1271 789 1336 memoria
807 1271 986 1355 contineat,
1010 1293 1047 1336 ex
1071 1273 1141 1355 qui-

184 1360 245 1425 bus
269 1361 310 1425 ad
333 1383 462 1426 omnem
485 1361 736 1444 disputationem
757 1359 954 1424 incredibilis
970 1380 1141 1444 argomen-

184 1452 292 1514 torum
319 1451 412 1534 copia
439 1449 589 1514 emanat?
625 1447 901 1512 Ratiocinationes
929 1451 1036 1512 autem
1064 1469 1141 1512 con-

183 1541 304 1621 texere,
335 1542 368 1602 91
398 1538 444 1622 id,
477 1537 563 1620 quod
588 1536 792 1620 probandum
824 1537 1013 1620 susceperis,
1045 1542 1141 1602 acute

185 1626 425 1708 circumscripta
452 1625 656 1689 conclusione
684 1624 853 1708 conficere,
868 1627 951 1710 tum
978 1647 1028 1708 ea,
1056 1647 1141 1708 quae

185 1713 226 1776 ab
249 1713 438 1776 adversariis
457 1713 556 1776 allata
573 1713 650 1796 sint,
674 1712 833 1776 subtiliter
856 1711 1036 1797 dissolvere,
1060 1735 1141 1796 quo·

184 1821 256 1864 rum
277 1800 410 1864 tandem
432 1804 493 1885 981,
518 1801 581 1864 nisi
603 1799 890 1884 philosophorum?
926 1799 1038 1884 Neque
1061 1823 1139 1866 vero

185 1888 290 1973 video,
308 1910 372 1973 quo
390 1889 486 1954 modo
501 1889 672 1972 delectare,
689 1888 753 1952 nisi
769 1889 854 1953 forte
872 1911 989 1972 pueros
1007 1891 1064 1952 aut
1080 1889 1141 1954 ho·

183 1977 287 2042 mines
314 1999 488 2061 puerorum
515 1977 707 2060 simillimos,
735 1981 831 2062 queat
858 1977 964 2042 inanis
993 1981 1025 2040 et
1046 1979 1140 2042 nullo

184 2066 302 2130 librata
343 2067 576 2132 sententiarum
611 2065 752 2149 pondere
789 2065 900 2130 oratio.
950 2063 1033 2140 Quid
1067 2067 1141 2130 ita?

184 2175 299 2238 nempe
323 2155 422 2238 quod,
444 2159 481 2218 ut
503 2155 665 2238 praeclare
689 2153 782 2218 docet
803 2153 1008 2236 Aristoteles,
1033 2154 1061 2216 18
1085 2154 1140 2218 de-

184 2263 273 2304 mum
290 2246 397 2306 motus
416 2241 515 2306 efficit
533 2242 745 2326 voluptatem,
766 2242 820 2324 qui
837 2241 983 2325 perducit
999 2241 1032 2305 id
1051 2245 1141 2325 quod

185 2332 334 2393 movetur
361 2329 402 2393 ad
429 2332 550 2394 statum
576 2332 711 2394 naturae
737 2329 838 2412 ipsius
862 2330 1141 2396 accommodatum

185 2420 218 2480 ct
241 2421 481 2502 congruentem.
517 2417 631 2502 Itaque
654 2438 790 2500 corpora
807 2439 881 2482 cum
899 2421 956 2482 aut
973 2418 1142 2484 exinanita

185 2508 261 2569 sunt
293 2508 350 2569 aut
375 2506 570 2590 redundant,
597 2509 668 2570 tum
693 2506 898 2589 perceptione
926 2507 989 2571 cibi
1016 2528 1053 2571 ac
1081 2531 1140 2591 po-

183 2593 296 2678 tionis,
322 2597 392 2658 tum
418 2595 605 2678 depulsione
633 2597 665 2658 et
692 2594 846 2659 eiectione
873 2594 1142 2680 superfluentium

183 2703 291 2746 rerum
321 2683 496 2768 laetantur,
533 2686 566 2747 et
600 2683 636 2746 in
668 2681 783 2746 animis
818 2682 904 2748 idem
936 2705 996 2748 usu
1027 2685 1141 2748 venire

185 2770 377 2835 credendum
400 2774 457 2834 est.
494 2769 577 2846 Quid
600 2774 650 2836 est
672 2774 793 2856 autem,
815 2772 901 2855 quod
918 2775 1035 2836 natura
1057 2773 1141 2837 duce

184 2859 390 2943 concupiscat
417 2860 556 2944 9111111118,
589 2860 630 2924 ad
661 2859 747 2944 quod
778 2861 913 2942 feratur,
944 2861 1034 2926 cuius
1066 2883 1141 2945 per·

183 2951 282 3032 petua
309 2947 401 3032 quasi
433 2947 518 3012 fame
551 2948 666 3031 sitique
693 2946 864 3012 teneatur?
900 2947 1057 3012 Doctrina
1088 2952 1141 3014 ni-

81 3038 83 3042 ’
183 3035 300 3100 mirum
328 3039 423 3121 atque
452 3037 609 3122 cogniti03
641 3035 694 3100 hic
725 3035 773 3098 illi
806 3035 909 3120 cibus,
940 3036 994 3100 hic
1024 3043 1141 3121 pastus

183 3125 331 3206 proprius
355 3146 392 3190 ac
414 3125 571 3189 naturalis
599 3127 660 3207 est3
683 3145 720 3189 9ο
744 3124 841 3188 alitur
863 3145 901 3188 ac
922 3124 1077 3209 reficitur,
1099 3149 1142 3193 eo

185 3213 348 3276 saturatur
380 3233 417 3276 ac
449 3214 565 3296 gliscit.
608 3212 698 3298 Ergo
733 3213 782 3276 illi
812 3215 941 3277 tantum
973 3214 1143 3279 concionis

185 3298 309 3363 animos
332 3300 508 3364 insatiabili
535 3301 749 3366 oblectatione
777 3301 974 3385 devinciunt,
1001 3323 1143 3385 quorum

185 3387 289 3451 omnis
318 3409 421 3452 sermo
450 3409 523 3453 cum
548 3389 741 3454 urbanitatis
773 3390 838 3454 sale
866 3411 1050 3474 perspersus
1080 3397 1143 3476 est,

184 3478 254 3546 tum
277 3475 447 3545 distinctus
470 3480 503 3540 91
523 3477 724 3542 illuminatus
747 3479 910 3543 doctrinae
932 3479 1032 3562 notis,
1059 3502 1142 3564 quo-

184 3585 257 3634 rum
283 3587 322 3636 er
350 3585 418 3652 cre,
448 3567 670 3654 torquerier
701 3567 836 3658 pereuni
868 3567 1006 3658 quodam
1036 3567 1143 3655 fonte,
