2368 3956
148 183 215 246 204
521 181 605 238 VAR
623 181 724 240 LEOT.

145 327 241 392 linari
263 327 366 392 multa
378 326 551 410 reperiam,
574 325 690 411 quibus
705 347 764 391 suo
778 326 849 392 loeo
872 327 985 412 positis
998 330 1085 392 oratio

24 487 35 496 ‚
146 415 275 480 uberior
297 419 330 480 et
352 415 497 480 ornatior
517 414 584 480 fiat.
627 413 701 479 Tibi
725 436 861 500 quoque,
883 413 971 499 Dari,
991 419 1087 480 auctor

146 526 231 588 sum,
253 509 290 568 ut
311 503 397 570 idem
409 502 524 588 famas,
546 503 581 568 in
594 502 770 588 primisque
783 505 821 566 ut
842 521 884 568 ne
903 525 1010 568 eorum
1023 505 1088 568 stul·

145 592 251 657 titiam
278 591 429 678 imiteris,
457 592 512 677 qui
539 611 649 676 usque
668 611 707 656 eo
735 591 939 676 antiquitatis
971 591 1089 656 studiosi

146 684 235 763 sunt,
257 683 294 745 ut
307 702 401 746 voees
416 700 543 766 quoque
558 677 761 746 Christianae
778 679 945 764 religionis
959 680 1091 764 proprias

144 767 309 855 refugiant
330 772 365 834 et
384 770 420 835 in
442 788 554 836 earum
574 768 681 834 locum
704 767 785 834 alias
799 767 1007 852 substituant,
1028 791 1091 852 qua-

145 877 218 922 rum
247 857 424 924 nonnullae
456 858 554 924 etiam
585 857 785 940 impietatem
817 857 919 921 olent:
953 857 1008 942 qui
1035 878 1092 922 non

143 948 249 1028 fidem,
277 947 334 1012 sed
352 947 604 1030 peseambnem:
632 965 700 1010 non
721 949 951 1012 sacramentum
972 945 1093 1027 eorporis

144 1032 318 1112 Deniniei,
342 1033 399 1098 sed
419 1033 613 1116 samtifioem
635 1033 823 1101 amalum:
845 1054 914 1100 non
936 1053 1093 1099 mmo·

144 1124 261 1199 nirere,
285 1121 342 1186 sed
364 1121 444 1188 diris
465 1122 620 1188 Movere:
643 1142 711 1186 non
732 1121 882 1206 Arepeloe,
905 1121 963 1186 sed
976 1119 1092 1187 Ganaba:

144 1231 212 1276 non
242 1211 410 1292 baptizare,
443 1209 500 1274 sed
525 1210 649 1276 abluere
679 1209 803 1294 dieunt,
835 1209 964 1296 aliaque
995 1209 1093 1274 eodem

145 1299 240 1365 modo
264 1299 455 1383 depravante
479 1299 547 1384 qui,
569 1301 607 1364 ut
620 1298 745 1384 opinor,
763 1299 828 1364 nisi
843 1299 906 1364 sibi
918 1302 1093 1382 metuerent,

145 1389 243 1452 etiam
259 1409 320 1474 pro
334 1385 465 1454 Christo
478 1383 583 1454 Iovem
595 1388 747 1472 mimam
763 1389 937 1454 maximam
951 1387 1094 1453 dicerent:

145 1482 195 1541 est
216 1477 303 1542 enim
326 1478 431 1562 magis
446 1473 699 1542 Ciceronianum.
737 1475 826 1552 Quae
848 1479 958 1542 autem
979 1476 1095 1542 insania

145 1569 207 1647 est,
235 1587 309 1630 cum
334 1567 504 1652 porricere,
533 1586 607 1630 eum
633 1565 803 1648 impetrire,
835 1586 909 1632 eum
935 1565 1095 1648 depellam

145 1654 337 1732 solistimum,
360 1675 433 1719 oum
448 1658 578 1736 paterae
591 1656 624 1717 et
640 1655 803 1737 sympuvio
823 1653 971 1740 legimus,
992 1655 1095 1718 notare

145 1763 184 1806 ea
208 1745 367 1827 tanquam
386 1741 486 1808 dieta
513 1741 688 1826 sapienter,
718 1742 804 1828 quod
818 1745 870 1806 'ex
897 1741 1095 1828 angarialibus

145 1835 179 1895 et
199 1829 439 1916 pontificalibus
453 1831 545 1895 libris
559 1829 750 1916 deprompta
764 1831 842 1915 siut,
865 1831 998 1915 propria
1016 1827 1094 1920 Chri·

146 1920 269 1986 atienae
292 1919 379 2004 fidei,
402 1923 434 1984 et
448 1917 705 1985 Christianomm
722 1919 844 1984 rituum
861 1917 961 1984 verba
986 1922 1094 1983 utnon

146 2009 224 2074 satis
238 2007 356 2074 batina
369 2007 597 2074 contemnere?
631 2005 731 2073 Plura
745 2007 850 2074 dicere
863 2028 936 2072 eum
949 2027 1094 2091 pararem,

147 2098 322 2250 amioorlqm
345 2095 762 2250 quorundqrnfinterventue
778 2095 964 2164 institutum
987 2115 1093 2162 sermo-

146 2205 264 2264 nema
285 2205 433 2270 rumpere
456 2203 547 2270 coegi

505 2377 649 2446 CAPUT
671 2375 758 2444 LIX.

146 2497 195 2553 DE
213 2496 378 2566 flanona,
402 2497 464 2565 QUI
483 2498 745 2556 OLYMPIONIOIS
767 2499 817 2555 ΕΤ
838 2497 1033 2556 mannaan
1048 2495 1094 2552 llll·

147 2585 401 2642 PIlRA'IORIBUS
418 2585 467 2642 RE
485 2586 706 2644 pandendae
730 2585 850 2643 GES'I'A
872 2584 1093 2642 HABEBA'PUlt.

294 2673 521 2732 anonvmus
539 2675 683 2731 AEMILII
702 2674 814 2731 PROBI
832 2674 958 2731 Locos

215 2798 344 2877 Quanto
370 2800 406 2866 in
432 2799 556 2882 honore
586 2801 708 2868 fruemnt
738 2800 919 2885 antiquitus·
944 2799 1092 2886 Olympio·

148 2889 249 2974 nicae,
270 2889 401 2974 nemini,
424 2890 479 2974 qui
501 2890 634 2974 paulurn
647 2889 744 2958 modo
758 2893 904 2959 uersatus
927 2891 972 2956 sit
988 2891 1022 2956 in
1041 2887 1093 2954 hoe

148 2979 328 3045 litterarum
359 2995 489 3064 genere,
519 2979 670 3066 ignotum
700 2981 758 3044 est.
812 2975 969 3044 Solebant
1000 2980 1094 3044 autem

147 3067 233 3132 inter
264 3071 371 3144 estora
401 3066 515 3132 donari
545 3066 677 3134 neronis
701 3067 825 3152 anaim
854 3067 940 3132 unde
973 3071 1006 3132 ot
1029 3063 1095 3130 Pin·

149 3153 282 3242 darus²)
314 3155 498 3239 Olympiam
535 3159 631 3221 vooat
665 3153 791 3240 μητέρα
825 3150 1095 3240 χρυσοστεφάνων

149 3237 293 3310 aeolus.
341 3242 558 3328 Imperatores
586 3264 712 3330 quoque
741 3265 777 3309 re
803 3243 885 3309 bene
913 3247 948 3309 et
972 3241 1095 3308 feliciter

148 3336 241 3418 gesta
267 3329 443 3418 interdum,
469 3353 665 3420 quamquam
687 3330 861 3400 admodum
883 3352 974 3418 raro,
995 3327 1093 3400 eodem

222 3522 242 3588 ¹)
261 3522 370 3591 Olymp.
389 3521 462 3578 VIII.
483 3527 508 3576 1.
