2360 3944
279 317 284 324 1
392 232 529 288 aalma
548 233 595 288 VI.
929 235 972 300 59

37 374 183 457 varietate,
207 397 271 458 qua
294 376 465 441 distinctus
488 381 537 441 est
560 399 679 464 annus,
699 379 785 448 idem
809 381 973 445 observari

37 484 114 545 posse
140 463 298 528 dicebant.
346 463 435 540 Quae
467 487 541 530 cum
567 467 615 530 ita
642 471 733 552 eunt,
765 471 802 532 ut
834 469 974 552 quadarn

36 552 117 634 ipsius
142 555 279 616 naturae
307 553 400 636 quasi
431 555 503 638 lege
535 555 696 620 sancitum
723 559 784 639 est,
815 555 878 622 hoo
910 561 973 641 est,

37 662 93 702 eum
113 643 144 703 et
170 641 271 704 tellus
295 642 459 726 conceptis
487 644 663 708 seminibus
690 643 827 708 hiberno
850 644 972 730 frigore

37 728 242 812 adstringitur,
269 732 302 792 et
328 731 435 794 vernis
464 731 598 796 modicis
621 731 778 796 imbribus
802 753 839 796 aa
860 735 972 816 tepore

36 817 974 902 laxatur,cumetf1ugesfmctusquearborumaestivocalore

36 906 114 988 probe
135 911 392 991 percoquuntur,
420 911 452 972 et
479 909 591 973 eodem
619 910 678 973 sub
707 913 898 974 autumnum
925 931 974 974 re·

37 995 163 1058 mittente
187 1015 221 1058 se
245 995 416 1078 paullatim
438 1019 475 1060 ac
498 997 670 1082 frangente
693 999 880 1081 mitescunt,
902 1001 974 1062 tum

37 1085 58 1145 et
84 1083 309 1148 saluberrimus
341 1106 446 1149 annus
478 1090 527 1150 est
559 1091 591 1150 et
622 1087 761 1150 maxima
792 1109 900 1151 rerum
932 1087 974 1150 ad

37 1171 135 1234 victum
167 1172 422 1237 necessariarum
453 1167 600 1239 ubertate
632 1195 670 1239 aa
701 1175 795 1258 copia
825 1175 973 1260 insignis.

37 1256 100 1321 Cum
119 1263 235 1324 contra
256 1261 307 1345 fit,
328 1265 400 1325 tum
423 1265 455 1326 et
473 1263 592 1327 caritas
611 1264 735 1328 exsistit
754 1283 917 1346 annonae,
940 1267 973 1328 et

37 1347 112 1410 pariis
133 1348 323 1413 morborum
346 1351 517 1434 generibus
541 1373 635 1416 omne
659 1372 761 1436 genus
785 1351 973 1415 animalium

36 1435 134 1500 tentari
156 1437 250 1501 solet.
286 1435 429 1522 Cumque
452 1440 671 1522 unusquisque
687 1443 835 1504 nostrum
849 1439 973 1503 duabus

38 1525 233 1608 expertibus
266 1527 457 1591 coniunctus
490 1531 720 1611 concretaeque
753 1528 807 1612 sit,
840 1548 973 1611 corpore

37 1616 61 1674 et
78 1613 195 1697 animo,
217 1635 329 1679 earum
350 1616 491 1699 partium
506 1637 545 1680 ex
558 1619 707 1699 utraque,
731 1637 812 1699 quae
831 1616 974 1680 iustitiae
1105 1633 1107 1636 ·

38 1700 256 1786 iniustitiaaque
283 1703 331 1768 vis
359 1707 456 1788 esset,
482 1704 604 1788 liquido
632 1704 770 1788 perspici
796 1724 891 1787 posse
920 1705 974 1768 ad-

39 1791 218 1854 severabant.
255 1789 372 1856 Omnia
394 1793 480 1856 enim
502 1793 600 1876 mala,
625 1793 733 1857 omnia
752 1792 883 1877 damna,
908 1815 974 1857 om-

40 1896 97 1940 nen
114 1879 290 1962 perniciem
312 1883 345 1944 et
367 1881 554 1964 corporibus
573 1885 606 1945 et
624 1881 740 1944 animis
759 1903 798 1944 ex
815 1881 975 1945 iniustitia

41 1967 158 2052 evenire,
186 1968 311 2032 iustitia
338 1970 474 2032 salutem
480 2021 489 2052 ,
515 1970 785 2051 incolumitatem,
811 1969 899 2032 bona
922 1969 975 2032 de·

39 2054 119 2137 nique
138 2058 248 2121 omnia
271 2057 355 2120 effici
379 2077 417 2121 ac
439 2058 606 2122 contineri.
642 2055 729 2121 Nam
753 2077 826 2120 cum
847 2057 883 2120 in
906 2075 975 2120 cor·

39 2143 149 2223 poribus
173 2149 313 2228 quatuor
332 2146 414 2230 sint,
441 2167 522 2229 quae
546 2149 685 2230 quatuor
714 2145 879 2210 elementis
902 2166 975 2229 pro-

40 2232 167 2311 portione
191 2235 419 2318 respondeant,
441 2235 511 2318 igni
533 2235 618 2300 flava
640 2234 728 2318 bilis,
752 2233 879 2297 animae
903 2255 975 2298 san·

41 2319 104 2403 pris,
133 2343 235 2405 aquae
266 2322 397 2406 pituita,
430 2322 504 2386 bilis
533 2326 604 2386 atra
634 2326 755 2388 terrae:
790 2343 888 2406 quam
919 2321 976 2386 diu

39 2404 102 2472 haee
127 2431 201 2474 aum
226 2410 455 2493 aequabilitate
482 2412 622 2494 quadam
648 2412 733 2476 inter
760 2431 794 2474 se
821 2409 976 2495 permista

40 2500 115 2581 sunt,
148 2499 292 2562 valemus
329 2520 366 2563 ac
401 2499 561 2584 vigemus3
598 2521 671 2564 cum
703 2519 814 2564 eorum
845 2498 976 2582 aliquod

39 2586 84 2646 aut
105 2586 268 2669 potentius
296 2590 353 2652 aut
383 2588 555 2672 infirmius,
587 2591 644 2652 aut
674 2588 747 2671 plus
780 2590 837 2650 aut
867 2588 975 2651 minus

39 2669 107 2737 iusto
132 2678 194 2758 est,
221 2678 278 2738 aut
306 2697 341 2739 se
368 2698 388 2740 a
415 2677 640 2741 communione
669 2679 847 2740 ceterorum
870 2695 975 2760 segre·

40 2762 122 2845 gavit,
143 2763 365 2828 conflictamur
386 2765 483 2829 variis
506 2765 627 2830 morbis
649 2764 843 2846 tandemque
866 2763 976 2826 interi·

10 2917 11 2920 Ἴ
40 2866 103 2913 nus.
137 2849 206 2926 Qua
233 2851 272 2916 de
299 2873 334 2916 re
361 2853 515 2937 principis
542 2853 739 2917 medicorum
767 2851 975 2934 Hippocratis

10 2931 12 2960 ²
39 2931 184 3003 inlibello
208 2940 246 3004 de
269 2943 387 3004 natura
409 2941 550 3006 hominis
564 2941 644 3006 haec
657 2941 757 3006 verba
780 2942 869 3003 sunt:
902 2937 976 3002 Oar-

10 3042 84 3110 ,Ptt
106 3025 235 3092 masau
260 3028 410 3094 hebetia
440 3050 472 3094 sc
502 3031 684 3112 saapaiaem
715 3033 744 3092 ct
767 3027 918 3108 pituitam
947 3030 977 3090 ct

10 3115 11 3158 f
39 3108 113 3178 idem
137 3117 266 3181 duorum
295 3137 452 3199 peamau,
488 3118 605 3198 flavam
636 3122 665 3182 et
694 3117 835 3198 aarum:
866 3134 903 3180 ea
934 3115 976 3180 iis

38 3202 160 3268 amabas
180 3206 279 3286 psius
302 3208 436 3287 corporis
458 3212 574 3270 aeterra
596 3211 651 3284 est,
679 3205 723 3270 eis
744 3205 793 3286 pit,
815 3208 852 3268 at
872 3209 902 3268 ct
923 3205 976 3268 do-

10 3327 12 3344 ÷
39 3283 87 3350 tat
110 3296 137 3354 ct
160 3292 229 3358 aaa
254 3294 363 3358 catat.
404 3295 491 3358 Beira
517 3296 613 3376 ipitar
638 3293 729 3371 ualet,
757 3313 826 3358 cara
853 3313 890 3357 ca
911 3313 976 3357 rao·

10 3399 11 3464 j
38 3375 126 3442 stuata
144 3381 221 3446 iuter
243 3401 275 3446 se
298 3381 408 3461 affecta
427 3388 502 3448 sarit
518 3389 547 3447 et
560 3383 773 3464 temperatione
785 3386 814 3446 et
829 3386 977 3464 potestate

10 3477 12 3536 ἑ
38 3467 60 3523 a
81 3469 174 3548 copia,
199 3471 391 3552 maximeque
417 3472 445 3536 si
466 3473 618 3553 permista
644 3472 723 3547 siat;
755 3469 836 3534 dolat
865 3474 975 3545 autera

10 3639 12 3660 ι
38 3569 96 3615 sirm
120 3575 218 3622 arara
244 3559 373 3640 aliquod
398 3564 455 3624 orit
475 3561 549 3641 pias
572 3564 628 3623 aaa
649 3561 753 3623 ruinas
775 3561 831 3635 est,
858 3561 914 3619 aat
940 3557 976 3618 iu
