2328 3956
418 216 537 272 CAPUT
555 218 589 272 11.

394 465 539 536 CAPUT
562 466 604 534 Π.

45 603 210 661 CICERONIS
233 603 351 662 Locus
373 606 424 661 EX
448 607 636 664 ORATIONE
659 607 730 663 PRO
749 607 778 664 P.
799 607 976 676 QUINOTIO

114 693 278 751 PULCHRE
296 697 323 752 A
339 695 460 752 PAULO
478 696 649 752 MANUTIO
668 695 890 754 CORRECTUS.

94 819 178 902 Quod
213 823 243 888 si
280 821 382 904 secere
419 821 511 902 nolit,
559 828 649 906 atqle
693 823 858 890 atemere
896 825 976 892 eius-

42 911 108 976 nodi
142 911 316 978 rotantes
355 912 445 978 mum
480 913 525 978 od
563 932 637 978 suos
680 913 865 979 eruditiores
902 935 977 997 per·

41 999 141 1065 decre:
170 1019 235 1066 sese
264 999 346 1066 aare
368 1003 506 1084 praeci,
538 1005 578 1080 et,
609 1002 638 1066 si
667 1002 745 1086 qnid
773 1021 862 1086 opere
891 1003 977 1082 velit,

41 1088 134 1154 udaie
167 1087 334 1171 defendere.
397 1089 449 1155 Ita
484 1091 638 1176 leguntur
674 1088 837 1156 Ciceronis
876 1092 978 1158 verba

40 1175 102 1240 haec
129 1197 167 1242 ex
200 1179 348 1243 oratione
380 1201 440 1263 pro
466 1177 502 1244 P.
530 1178 680 1254 Quinctio
695 1177 721 1266 ¹)
754 1180 789 1244 in
826 1181 978 1246 omnibus

40 1265 183 1348 impressis
211 1267 303 1332 libris
329 1271 556 1352 praeterquam
578 1268 614 1332 in
635 1265 842 1334 Manutianis.
888 1268 977 1345 Quae

40 1375 97 1420 cum
120 1359 273 1440 corrupta
296 1377 365 1422 esee
393 1358 566 1441 constaret,
594 1356 736 1441 fuerunt,
763 1357 818 1442 qui
845 1379 904 1441 pro
926 1359 977 1422 in-

39 1441 151 1510 talea
184 1448 381 1528 reponerent
414 1446 591 1510 instituerit.
644 1444 692 1510 Aa
726 1447 903 1529 praeclare,
939 1449 978 1510 ut

40 1532 112 1615 solet,
132 1531 313 1598 Manutius:
336 1533 376 1598 de
399 1554 462 1618 quo
475 1534 545 1599 viro
559 1534 674 1598 merito
698 1533 838 1599 dubitari
859 1537 978 1620 potest,

39 1619 134 1701 plusne
154 1622 226 1706 ipse
249 1620 405 1707 Ciceroni,
432 1643 475 1688 en
496 1623 560 1708 ipsi
583 1621 694 1688 Oieero
722 1623 845 1687 debeat.
889 1621 978 1688 Nam

39 1711 63 1770 et
89 1710 155 1792 ipse
189 1710 370 1776 tractandis
397 1711 524 1776 assidue
553 1708 717 1776 Ciceronis
746 1711 874 1795 scriptis
904 1733 977 1776 eam

38 1801 185 1862 assecutus
209 1801 260 1863 est
274 1799 475 1883 eloquentiae
488 1799 624 1884 laudem,
648 1823 712 1886 qua
725 1801 826 1866 vincit
849 1822 976 1866 omnes:

39 1888 147 1950 etcum
170 1885 213 1951 ad
242 1887 418 1972 ingenium,
445 1911 508 1972 quo
540 1889 675 1972 excellit,
707 1888 882 1954 addidisset
904 1910 976 1954 eam

39 1971 222 2060 diligentiam
245 1995 379 2061 eamque
405 1976 553 2042 laborum
575 1978 814 2062 perpessionem
837 1998 874 2040 ac
896 1978 976 2042 tole⁴

38 2064 174 2148 rentiam,
216 2086 281 2149 qua
316 2065 399 2130 vires
438 2066 606 2150 ipsamque
643 2065 722 2130 adeo
759 2065 976 2130 valetudinem

39 2171 121 2238 suam,
146 2173 270 2238 magno
293 2157 406 2218 nostro
430 2155 582 2238 omnium,
609 2157 769 2240 quotquot
791 2175 873 2238 eum,
900 2155 979 2239 quia

37 2239 115 2320 plane
136 2243 298 2324 novimus,
325 2242 455 2325 plurimi
478 2243 576 2306 etiam
598 2241 743 2328 facimus,
771 2243 880 2308 dolore
903 2265 978 2328 pro·

38 2329 148 2394 stravit:
178 2330 368 2395 incredibile
397 2334 459 2416 est,
487 2334 567 2416 quot
594 2332 635 2397 ab
663 2353 807 2397 errorum
835 2331 978 2397 millibus

38 2435 80 2480 eos
107 2417 209 2484 libros
240 2418 424 2484 felicissime
450 2419 630 2486 vindicarit.
674 2419 720 2486 At
747 2423 836 2485 aetas
864 2424 980 2486 nostra

37 2505 189 2572 mirificam
212 2507 375 2592 quandam
398 2508 514 2575 extulit
535 2509 600 2573 vim
623 2509 791 2574 hominum
814 2509 976 2593 improbo-

37 2613 101 2677 rum,
123 2595 180 2680 qui
202 2616 359 2682 magnam
380 2597 508 2662 laudem
530 2597 565 2668 in
580 2597 812 2662 obtrectatione
836 2599 978 2681 positam

37 2685 136 2762 putant
157 2705 266 2770 neque
289 2684 460 2771 quicquam
483 2685 630 2770 cupidius
651 2685 788 2767 faciunt,
812 2708 909 2770 quam
932 2690 980 2770 ut„

37 2770 171 2856 quiequid
198 2777 346 2858 possunt,
377 2795 566 2862 quacunque
601 2774 725 2840 rationo
757 2777 906 2857 possunt,
939 2795 979 2838 ex

37 2857 126 2924 aliena
155 2861 262 2947 gloria
291 2862 451 2945 deterant,
484 2863 681 2946 creduntque
708 2863 755 2930 ita
787 2882 820 2928 se
848 2861 977 2928 demum
1026 2863 1027 2866 ’
1156 2849 1157 2854 ¹

36 2965 210 3034 emersuros,
238 2950 266 3014 si
289 2971 354 3034 eos,
380 2951 436 3034 qui
458 2954 578 3035 extant,
605 2951 829 3035 depresserint.
875 2949 981 3026 Quam

36 3036 180 3102 rationem
194 3039 365 3122 grassandi
379 3038 419 3103 ad
433 3039 554 3104 famam
572 3061 670 3110 nemo
686 3061 830 3124 unquam
849 3039 978 3124 sapiens

36 3126 223 3207 approbavit.
269 3125 331 3192 sed
354 3149 404 3191 me
428 3128 547 3193 amoris
570 3129 701 3213 quidam
724 3131 831 3192 aestus
866 3127 906 3195 ab
930 3150 982 3214 eo,

37 3209 66 3273 de
86 3235 151 3297 quo¹
177 3215 283 3280 dicere
306 3237 483 3301 coeperam,
510 3216 651 3282 abduxit.
697 3215 837 3284 Omnino
861 3219 981 3302 auam,

37 3317 97 3364 eum
122 3302 161 3368 de
188 3303 291 3369 Paulo
320 3303 467 3370 Manutio
498 3305 696 3389 loquendum
726 3309 787 3391 est,
819 3307 978 3372 moderari

36 3389 162 3458 orationi
192 3413 283 3458 meae
315 3413 419 3477 neque
448 3393 531 3476 volo,
562 3415 667 3480 neque
698 3417 842 3480 possum,
873 3415 981 3478 neque

97 3563 116 3632 ¹)
134 3582 157 3622 c.
177 3572 201 3622 6.
220 3571 236 3633 5
255 3571 298 3622 27.
