2330 3944
388 241 525 298 ORATIO
545 241 618 297 VIII.
940 242 983 308 85

37 387 342 472 magnificentissime
365 375 502 453 obierit?
530 386 582 452 Ad
605 409 677 454 eam
700 391 807 452 autem
826 409 894 453 non
916 389 983 454 fere

37 477 90 539 nisi
105 476 366 560 opulentissimus
385 477 520 561 quisque
534 498 572 541 ac
590 477 861 562 locupletissimus
876 476 983 562 adige·

37 565 129 628 batur.
163 563 279 648 Neque
302 565 443 630 medicus
467 568 537 629 erat
556 565 697 650 optimus
715 566 847 650 pessimi
866 566 983 650 princi·

36 653 77 736 pis
102 653 257 738 magister
288 652 421 740 Seneca,
449 675 553 739 neque
582 655 620 718 de
647 655 716 718 iure
743 655 982 720 consulebatur:

36 745 63 805 et
86 745 195 806 tamen
224 747 379 825 quantam
407 743 468 807 sibi
496 765 595 828 opum
617 743 683 807 vim
709 743 808 810 homo
833 747 983 808 externus

36 833 63 894 et
95 831 279 916 alienigena
314 833 498 915 eloquentia
539 835 572 896 et
607 831 787 897 eruditione
824 831 984 897 confecit?

37 917 98 984 Scio
120 919 198 1003 hoc,
221 919 308 1003 quod
326 920 445 1004 dicam,
464 921 656 1004 quibusdam
674 920 861 986 incredibile
879 921 984 984 virum

36 1007 80 1091 iri3
110 1007 166 1072 sed
197 1012 323 1092 tamen,
354 1010 381 1073 si
412 1031 489 1075 vera
521 1013 609 1094 sunt,
646 1031 727 1093 quae
759 1009 875 1074 litteris
911 1031 984 1093 pro-

37 1096 94 1160 dita
121 1100 211 1180 sunt,
245 1096 333 1161 haud
361 1097 426 1163 scio
455 1119 498 1162 an
530 1099 639 1163 nullus
667 1098 763 1163 hodie
790 1101 861 1163 tota
887 1096 984 1162 Italia

36 1185 175 1269 princeps
202 1189 315 1250 tantas
342 1207 418 1271 opes
441 1186 576 1272 habeat,
604 1190 742 1270 quantas
770 1187 805 1251 in
829 1185 984 1252 Senecam

37 1275 238 1357 quadriennio
265 1273 353 1340 Nero
385 1276 556 1360 congessit.
596 1273 683 1340 Nam
710 1295 783 1340 cum
806 1295 844 1340 ex
871 1275 984 1339 veteri-

38 1363 88 1427 bus
109 1363 174 1428 illis
196 1362 352 1428 Romanis
375 1363 419 1428 M.
443 1363 576 1430 Crassus
600 1364 863 1449 opulentissimus
885 1363 984 1427 fuisse
1010 1436 1014 1442 p

38 1451 166 1536 dicatur,
190 1449 331 1517 Senecae
355 1473 431 1537 opes
455 1451 562 1518 Crassi
587 1453 702 1537 opibus
726 1451 824 1536 duplo
847 1452 985 1516 maiores

41 1540 172 1606 luerunt.

94 1629 198 1714 Prope
227 1634 277 1696 est
303 1635 340 1697 ut
366 1631 476 1718 pigeat
503 1632 539 1696 in
560 1631 622 1696 hac
645 1632 736 1715 parte
759 1633 827 1695 tam
850 1629 905 1694 diu
927 1629 985 1694 im·

41 1722 190 1784 moratum
222 1739 305 1802 esse3
337 1721 392 1784 sed
423 1725 534 1786 tamen
566 1719 737 1784 dicendum
768 1718 832 1783 fuit
864 1717 986 1802 aliquid

41 1807 180 1872 adversus
208 1808 379 1873 stultitiam
402 1831 526 1893 eorum,
553 1809 608 1893 qui
631 1809 736 1892 aiunt,
763 1808 790 1872 si
813 1807 885 1891 quis
907 1807 986 1870 iuris

43 1897 197 1961 scientiam
220 1900 253 1960 et
276 1901 378 1962 artem
399 1897 548 1962 medendi
571 1897 722 1981 excipiat,
745 1900 923 1960 ceterarum
937 1917 986 1958 ar-

43 1985 112 2049 tium
133 1988 320 2050 nostrarum
348 1987 488 2051 sterilem
516 2007 585 2052 esse
608 1987 776 2050 culturam.
814 1983 876 2059 Qui
899 2003 987 2048 error

45 2093 79 2136 ex
98 2095 129 2139 eo
150 2075 356 2158 potissimum
379 2078 556 2160 natusest,
580 2073 666 2158 quod
689 2073 854 2137 doctrinae
868 2071 987 2135 medio-

44 2162 126 2226 critas
153 2183 291 2248 magnos
320 2163 430 2228 efferre
457 2163 581 2228 fructus
613 2183 681 2228 non
712 2164 828 2245 potest.
873 2158 988 2243 Itaque

45 2251 249 2316 excollendum
276 2255 325 2316 est
351 2251 404 2335 iis,
432 2253 487 2335 qui
514 2271 634 2337 magna
661 2254 695 2315 et
724 2250 890 2334 praeclara
913 2269 987 2314 con-

44 2340 230 2423 cupiverunt.
257 2339 303 2405 At
321 2361 380 2405 nos
399 2341 494 2406 simul
517 2344 613 2424 atque
626 2339 771 2424 paullum
785 2339 871 2403 ultra
883 2338 988 2422 prima

44 2428 191 2493 elementa
213 2429 375 2514 progressi
398 2449 522 2515 sumus,
548 2429 632 2494 falsa
655 2429 694 2492 de
717 2427 811 2492 nobis
835 2426 988 2510 opinione

44 2517 212 2602 tumefacti,
235 2518 310 2601 quia
332 2539 399 2583 nou
421 2519 456 2582 in
478 2539 539 2584 nos
562 2517 716 2582 continuo
735 2537 813 2600 opes
832 2518 865 2580 et
886 2514 988 2579 hono·

44 2625 84 2668 res
112 2609 346 2692 congeruntur,
377 2607 480 2672 iacere
509 2607 635 2672 litteras
663 2605 872 2670 clamitamus.
912 2601 989 2667 Non

44 2692 137 2759 iacent
149 2695 292 2780 litterae,
306 2715 374 2760 non
391 2696 511 2780 iacent,
529 2716 633 2779 neque
651 2695 819 2759 iacuerunt
833 2713 991 2775 unquam;

45 2786 79 2865 et,
112 2784 139 2849 si
177 2787 274 2848 antea
304 2784 491 2868 tacuissent,
523 2783 678 2870 Gregorio
711 2781 801 2846 XIII.
832 2779 991 2846 Pontifice

45 2890 100 2935 non
124 2871 287 2938 iacebunt.
323 2872 378 2937 An
404 2873 472 2957 ille,
500 2890 573 2937 cum
600 2875 633 2937 et
656 2871 744 2937 omni
773 2869 919 2935 doctrina
941 2869 991 2932 in·

45 2961 264 3026 structissimus
288 2960 344 3046 sit,
372 2964 405 3026 et
427 2961 468 3026 ad
490 2961 563 3026 illos
586 2964 710 3026 veteres
733 2963 829 3042 atque
851 2957 991 3022 usitatos

44 3053 160 3114 nostros
184 3054 218 3115 et
239 3050 421 3115 litterarum
443 3053 612 3134 patronos,
634 3049 792 3114 Ioannem
808 3045 995 3130 Moronum,

46 3139 231 3204 sacrosancti
245 3138 373 3224 collegii
382 3137 558 3223 Decanum,
572 3139 695 3222 priscae
705 3135 883 3200 maiestatis
898 3134 989 3200 abso-

45 3223 227 3292 lutissimum
250 3228 425 3312 exemplar,
448 3228 537 3292 cuius
560 3227 688 3311 inipso
711 3227 793 3289 nutu
816 3223 991 3308 plurimum

47 3316 234 3381 auctoritatis
256 3316 387 3400 residet,
411 3317 500 3381 cuius
524 3337 541 3380 e
564 3317 656 3396 vultu
678 3315 749 3400 ipso
770 3316 866 3397 atque
889 3313 990 3378 oculis

47 3401 135 3469 elucet
158 3405 303 3490 gravitas
325 3405 527 3470 humanitate
551 3404 693 3488 condita,
721 3401 891 3487 Aloysium
914 3399 995 3466 cor-1

47 3491 153 3556 nelium
177 3492 408 3578 Camerarium‚
430 3493 595 3558 hominem
617 3493 750 3578 plenum
773 3491 872 3556 officii
895 3488 990 3552 etad

48 3581 177 3647 eunium
208 3583 335 3648 animos
367 3603 405 3648 ac
437 3583 621 3648 voluntates
654 3577 879 3646 devinciendas
911 3576 996 3659 ipsis
