2368 3956
173 179 240 246 218
551 177 636 234 vlu.
654 175 757 234 LEO'I'.

169 348 209 410 ιι
231 365 286 410 eas
309 341 455 429 singulas
476 344 640 428 proponat
662 363 699 408 ac
712 341 840 422 refutet
864 363 945 444 quae
961 342 1111 411 universae

171 433 340 499 debilitare
363 435 460 516 atquo
482 430 659 516 intringere
679 429 810 497 illorum
824 431 949 498 animos
970 436 1113 517 poterant

173 523 322 608 singulae
343 520 507 586 faciliores
528 520 570 584 ad
593 519 811 606 superandum
832 519 990 586 videntur.
1020 519 1113 606 Atque

170 631 192 675 a
218 609 280 675 diis
307 608 438 696 qnidam
464 607 642 692 exorditur,
673 629 792 692 eosque
820 607 868 674 ait
895 609 960 675 suis
993 609 1114 694 quiden,

169 719 228 784 qur
219 697 451 764 iurisiurandi
463 696 560 762 fidem
574 658 747 781 servarint,
769 717 890 781 aequos
905 719 942 764 ac
963 698 1115 784 propitios,

171 786 319 852 barbaris
342 789 464 865 autem,
487 783 543 870 qui
556 805 628 850 eam
649 806 709 869 pro
723 785 826 850 nihilo
839 786 996 871 putarint,
1018 808 1114 852 saevos

171 877 206 939 et
227 875 373 940 infensos
394 874 473 940 fore
517 872 642 940 Deinde
665 875 775 940 autem
795 875 951 958 proponit
973 875 1019 940 eis
1026 875 1116 942 ιιιιο-

168 963 425 1048 rum‚exempla
448 962 505 1048 qui
526 983 627 1046 parva
648 983 749 1028 manu
770 983 909 1048 magnas
936 984 1031 1048 saepe
1055 965 1116 1028 bar·

168 1052 324 1118 barolum
346 1051 455 1136 copias
477 1049 638 1116 fuderant
687 1049 801 1135 Addit,
828 1072 871 1118 nc
893 1051 982 1136 ipsos
992 987 1117 1136 pquiden

168 1161 286 1226 parum
309 1139 438 1242 dignos·
440 1159 510 1204 esse
524 1139 709 1224 maioribus,
732 1159 805 1206 eum
824 1140 1042 1227 superioribus
1062 1140 1116 1206 die·

170 1227 247 1311 bns,
274 1227 440 1314 congressi
467 1249 541 1292 curn
567 1227 695 1316 ingenti
722 1229 899 1295 eorundem
921 1229 1117 1296 barbarorum

168 1279 391 1400 multitudine,
419 1316 510 1382 nullo
539 1337 595 1382 eos
621 1317 755 1419 negotio
780 1317 995 1404 profligarint
1035 1316 1117 1394 Quod

169 1425 246 1470 cum
271 1367 425 1472 fecissent
450 1427 510 1491 pro
537 1401 649 1489 Oyri
639 1404 775 1491 imperio
802 1427 840 1472 ac
866 1407 1015 1491 potentia
1040 1407 1117 1472 dimi-

170 1496 296 1578 cantes,
322 1495 426 1560 multo
454 1494 592 1558 alacrius
619 1493 705 1558 idem
732 1493 838 1560 facere
867 1499 1028 1581 oportere,
1056 1516 1117 1561 cun

169 1581 240 1646 ιιιι
271 1545 304 1646 ιι
338 1583 466 1648 salus
456 1571 602 1666 1psorum
630 1585 765 1685 agatur,
802 1605 938 1669 cumque
970 1588 1118 1666 praeterea

170 1669 393 1754 experimento
408 1671 638 1757 cognoscunt
628 1691 794 1756 ignunam
806 1670 1028 1758 barbarorum,
1040 1671 1116 1737 ιιιιι

168 1761 269 1823 antea
290 1759 467 1844 periculum
489 1781 558 1826 non
579 1759 733 1826 fecerant.
776 1758 891 1844 Neque
914 1761 1040 1848 quoda
1060 1760 1116 1844 qui-

169 1847 308 1912 busdam
330 1847 447 1912 deserti
470 1851 590 1931 essent,
613 1848 729 1933 quibus
752 1848 848 1914 sociis
872 1853 905 1914 et
931 1847 1117 1915 adiutoribus

169 1933 257 2021 Cyro
279 1936 407 2001 vivente
429 1899 614 2021 utebantdr,
635 1937 796 2002 idcirco
768 1958 815 2002 ers
828 1937 1116 2038 pertimescendum:

169 2024 259 2110 quod
280 2024 330 2089 illi
352 2025 483 2091 etiam
472 2046 508 2090 m
530 2025 666 2092 victoria
687 2026 786 2112 fugae
809 2029 957 2092 auctores
981 2049 1018 2092 ac
1043 2026 1117 2110 prin·

171 2113 259 2199 cipes
272 2113 424 2179 fuissent:
447 2113 625 2180 cuiusmodi
638 2113 786 2180 homines
802 2115 838 2182 in
850 2114 997 2180 hostium
1011 2114 1118 2195 castris,

171 2224 271 2287 quam
294 2202 331 2266 in
353 2202 420 2267 suis
443 2202 551 2267 videre
572 2204 724 2288 praestet
769 2200 856 2268 Nam
870 2203 957 2288 quod
970 2204 1033 2288 ipsi
1045 2201 1117 2285 equi·

169 2293 244 2354 tata
258 2293 402 2374 careant,
425 2311 488 2373 quo
501 2289 613 2356 hostes
627 2290 806 2356 abundent
779 2293 929 2376 tequos
949 2292 1032 2356 nihil
1045 2289 1118 2356 aliud

169 2377 320 2442 hostibus
343 2377 565 2462 praestituros,
587 2399 684 2462 quam
697 2379 874 2444 faciliorem
892 2401 931 2444 ac
948 2379 1119 2448 celeriorem

169 2463 293 2549 fugam.
327 2463 442 2550 Neque
457 2486 557 2550 equos
570 2487 730 2570 pugnare,
754 2467 809 2532 sed
829 2467 990 2534 homines.
1014 2485 1118 2550 eosque

33 2613 35 2620 ,
170 2552 262 2638 ipsos
284 2555 389 2618 terrae
412 2555 617 2639 s010‚quam
640 2555 823 2640 eqmdorso
837 2555 961 2622 firmius
975 2560 1010 2622 et
1031 2555 1117 2620 tutius

171 2642 243 2708 niti.
294 2639 365 2708 Iam
392 2643 420 2708 si
447 2643 488 2708 ad
516 2643 734 2709 dimicandum
761 2643 890 2730 quidem
921 2647 1070 2730 prompto
1093 2645 1119 2705 et

170 2732 286 2816 alacri,
316 2731 436 2816 inquit,
468 2731 577 2798 animo
609 2733 701 2818 estis,
737 2731 793 2798 sad
825 2733 906 2798 illud
941 2755 999 2799 vos
1031 2731 1118 2816 angit,

171 2821 260 2903 quod
286 2841 390 2904 neque
417 2819 668 2905 Tissaphernem
694 2821 833 2905 amplius
864 2821 991 2886 itineris
1021 2821 1119 2886 ducem

172 2907 364 2974 habebimus
368 2929 506 2994 ‚neque
527 2929 585 2974 rex
606 2909 701 2974 nobis
723 2910 820 2975 vendi
849 2911 990 2994 amplius
1010 2907 1119 2975 iubebit

172 3016 213 3060 ea
216 3019 331 3083 ,quae
346 2959 387 3062 ad
401 2997 522 3063 victum
535 2998 717 3063 necessaria
731 3002 822 3063 sunt.
845 2998 995 3084 cogitate,
1011 2998 1117 3094 quanto

174 3087 325 3151 meliores
347 3086 473 3152 itineris
496 3086 593 3154 duces
615 3086 718 3151 futuri
731 3087 798 3151 sint
820 3087 940 3171 captivi
954 3109 1047 3172 quam
1060 3083 1118 3148 lis-

172 3172 363 3276 sapbernes,
392 3177 426 3240 et
452 3178 562 3240 utrum
589 3174 763 3260 optabilius
791 3175 847 3258 sit,
874 3195 994 3260 magna
1019 3174 1050 3239 ιι
1073 3191 1118 3256 pe·

173 3262 297 3348 cuniae,
320 3284 384 3348 qua
398 3265 542 3348 plerique
556 3266 705 3328 nostrum
727 3263 868 3328 tenuiter
880 3263 1028 3329 instructi
1046 3261 1118 3338 sunt,

171 3373 293 3436 paucos
316 3350 405 3417 cibos
427 3351 576 3436 mercari,
598 3373 642 3416 an
664 3350 822 3416 arbitratu
844 3373 904 3418 suo
925 3351 1073 3437 pinguem
1092 3347 1118 3409 ct

173 3439 270 3504 rebus
285 3439 435 3505 omnibus
451 3403 618 3504 abunddnt
603 3442 671 3505 tem
692 3439 846 3506 hostilem
864 3459 979 3526 agrurn
998 3438 1117 3522 diripere

172 3545 212 3590 ae
241 3526 437 3610 depraedari.
492 3525 613 3602 Quodsi
640 3528 721 3592 haec
748 3527 878 3612 quidem
905 3528 1036 3594 meliora
1060 3540 1117 3590 esse
