2326 3942
179 241 249 307 212
523 235 732 293 PRAEFATIO
751 199 798 292 iv.

181 389 262 453 alias
296 386 451 471 quasdam
482 383 617 448 virtutes
652 382 769 447 referre
786 383 911 447 malit:
948 385 985 446 ut
1015 381 1043 445 ei
1075 403 1129 446 nos

180 477 261 542 illud
293 475 453 558 dabimus,
489 495 656 558 nunquam
687 471 865 554 hominem,
900 471 1073 556 quamlibet
1101 471 1132 535 in

181 565 316 630 dieendo
343 565 509 648 eopiosum
537 566 632 648 atque
661 564 823 644 ornatum,
850 561 930 624 haee
956 564 1024 624 tam
1049 581 1130 643 prae·

180 656 268 719 olara
291 653 477 717 effecturum
499 652 606 716 fuisse
622 651 691 714 sine
705 649 786 714 'aliis
809 649 956 733 plurimis
979 650 1131 713 maximis·

182 765 244 828 que
262 742 449 807 virtutibus:
468 742 514 805 ita
531 741 612 824 ipse,
631 739 695 804 nisi
716 739 808 802 valde
826 739 955 822 iniquus
974 739 1029 822 sit,
1047 738 1132 802 nobis

180 833 243 896 hoe
265 832 419 897 ooneedat
440 851 569 894 neeesse
593 832 655 913 est,
678 849 844 912 nunquam
872 827 951 891 haee
978 831 1047 891 tam
1072 828 1133 890 feli·

182 922 261 985 oiter
288 943 308 984 a
335 941 498 1004 quoquam
525 918 620 1002 dirigi
647 917 884 1003 gubernarique
907 917 1063 1000 potuisse,
1091 917 1135 980 eui

182 1009 297 1074 esteris
333 1009 491 1072 instrueto
528 1007 627 1070 animi
663 1007 757 1072 bonis
795 1005 935 1091 graviter
967 1009 1134 1090 ornateque

183 1097 309 1162 dicendi
332 1097 468 1160 facultas
492 1096 652 1160 defuisset.

249 1184 344 1250 Hane
371 1205 431 1270 ego
459 1185 501 1249 ad
526 1184 725 1268 faoultatem,
752 1177 929 1268 Maeoniae,
960 1183 1031 1248 vias
1059 1205 1135 1248 eom·

183 1278 363 1340 monstrare
386 1295 485 1340 eonor
511 1273 564 1356 iis,
588 1274 703 1357 quibus
726 1273 762 1336 in
783 1273 845 1338 hae
862 1274 940 1338 urbe
960 1273 1049 1338 eordi
1069 1279 1136 1337 sunt

182 1363 393 1429 honestarum
420 1363 538 1428 artium
561 1362 675 1426 studia.
719 1361 806 1427 Nam
829 1363 890 1426 etsi
912 1383 979 1426 non
1002 1385 1076 1427 sum
1097 1363 1136 1426 ita

183 1453 311 1518 nescius
333 1453 411 1537 mei,
432 1457 470 1516 ut
491 1453 694 1536 eloquentem
717 1472 786 1516 esse
804 1473 856 1516 me
879 1455 1002 1534 putem,
1026 1455 1137 1534 tamen,

185 1542 271 1626 quod
299 1563 319 1606 a
345 1542 450 1626 prima
477 1545 581 1606 aetate
610 1541 682 1604 dedi
708 1561 760 1604 me
788 1540 930 1605 studiose
958 1540 999 1606 ad
1028 1541 1136 1606 exerei-

184 1630 342 1694 tationem
375 1629 500 1694 dieendi
531 1633 565 1694 et
594 1649 715 1715 magna
742 1651 814 1694 eum
841 1651 917 1694 eura
944 1631 1138 1714 pervolutavi

186 1739 297 1782 eorum
329 1717 461 1802 seripta,
498 1718 554 1802 qui
586 1723 642 1782 aut
678 1719 788 1783 diserti
823 1719 923 1784 fuisse
958 1720 1139 1786 ferebantur

186 1809 243 1872 aut
265 1828 303 1871 ea
324 1811 496 1892 praecepta
522 1807 614 1871 libris
643 1808 708 1872 suis
731 1809 889 1891 complexi
916 1830 999 1892 esse,
1029 1810 1139 1894 quibus

185 1896 342 1963 orationis
369 1897 462 1981 eopia
487 1899 667 1981 pararetur:
699 1896 810 1961 videor
840 1919 949 1980 posse,
981 1919 1045 1982 quo
1078 1900 1140 1982 ipse

185 2007 253 2052 non
274 1987 487 2073 pervenerim,
510 1985 733 2068 nihilominus
757 2007 794 2050 eo
814 1995 878 2071 qua
894 1987 1141 2070 perveniendum

187 2076 243 2160 sit,
280 2078 388 2162 aliquo
419 2076 515 2141 medo
551 2074 702 2139 iudieare.
748 2072 841 2140 Oerte
875 2075 1003 2160 quidem
1036 2077 1141 2140 sedulo

186 2167 329 2248 praesto,
349 2165 433 2248 quod
451 2185 597 2247 possum,
616 2167 648 2227 et
666 2164 752 2248 quod
770 2163 851 2228 mihi
865 2167 995 2228 senatus
1010 2167 1141 2231 auetori-

186 2256 254 2322 tate
281 2273 398 2315 munus
424 2252 604 2316 iniunctum
631 2255 692 2335 est,
725 2252 755 2315 ei
785 2255 822 2316 ut
853 2273 894 2316 ne
926 2253 1040 2336 desim,
1073 2255 1142 2317 viri-

186 2340 249 2404 bus
276 2339 454 2424 opibusque
487 2341 636 2405 omnibus
667 2341 805 2406 elaboro.
851 2339 1011 2416 Quoniam
1039 2347 1143 2406 autem

186 2428 282 2492 multi
306 2449 401 2512 saepe
428 2429 475 2492 ita
502 2451 627 2494 meeum
655 2433 790 2514 egerunt
816 2430 962 2514 primarii
988 2429 1143 2512 homines

186 2521 224 2582 ut
255 2517 410 2601 dicerent,
443 2539 477 2583 se
505 2518 637 2602 eupidos
669 2517 798 2605 quidem
830 2540 900 2584 esse
932 2521 1145 2604 cognoscendi

186 2627 238 2690 ea,
261 2627 344 2691 quae
363 2629 382 2671 a
400 2628 451 2671 mo
470 2607 662 2692 dicerentur,
681 2607 750 2690 sed,
768 2629 808 2672 ne
828 2609 1024 2673 admotam
1043 2631 1145 2692 saepe,

186 2717 285 2781 quam
303 2697 434 2781 vellent,
457 2695 664 2782 ventitarent,
686 2697 826 2782 negotiis
845 2697 1006 2780 impediri,
1027 2698 1055 2763 si
1075 2699 1144 2763 sub·

187 2785 285 2850 seeivi
307 2787 462 2870 temporis
489 2785 611 2872 aliquid
638 2807 796 2851 sumerem
824 2787 865 2850 ad
889 2808 927 2850 ea
952 2787 1037 2871 ipsa,
1067 2809 1145 2873 quae

92 2903 98 2914 ·
187 2874 331 2960 quotidie
361 2875 534 2958 traderem,
570 2875 754 2940 mandanda
784 2875 916 2958 litteris,
952 2881 1085 2960 gratum
1115 2877 1147 2940 id

187 2965 299 3030 multis
328 2966 424 3049 atque
451 2966 599 3048 optatum
626 2963 710 3028 fore:
738 2985 861 3029 morem
888 2964 951 3028 illis
979 2965 1041 3030 hae
1071 2987 1146 3050 quo-

188 3075 249 3137 que
276 3055 312 3118 in
339 3057 430 3137 parte
463 3073 573 3139 gerere
604 3053 704 3135 volni,
737 3056 769 3116 et
801 3054 842 3117 ad
872 3075 961 3118 meos
991 3053 1148 3138 pristinos

173 3141 315 3206 iabores
342 3142 404 3208 hoe
436 3163 562 3227 quoque
595 3141 754 3206 seribendi
787 3163 867 3206 onus
900 3142 1007 3206 adieci.
1054 3141 1150 3216 Quod

187 3228 314 3293 utinam
340 3232 409 3294 tam
435 3231 513 3294 utile
537 3231 579 3294 sit
607 3231 691 3314 aliis,
719 3253 817 3316 quam
840 3253 859 3296 a
885 3252 936 3295 me
963 3231 1032 3296 solo
1056 3231 1149 3295 obse-

118 3337 119 3340 *
189 3317 308 3400 quendi
322 3318 432 3382 amieis
452 3319 607 3384 desiderio
626 3321 694 3384 sine
704 3321 770 3384 ulla
780 3320 953 3385 ambitione
963 3323 1151 3403 susceptum

175 3407 246 3469 est.
280 3403 482 3488 Quamquam
505 3407 591 3470 enim
613 3429 686 3472 non·
703 3429 775 3471 eam
793 3430 844 3472 me
863 3408 1053 3491 sapientiam
1075 3431 1151 3473 eon-

189 3495 335 3558 seeutum
357 3512 433 3574 prae
456 3513 507 3556 me
529 3492 612 3577 fero,
634 3499 671 3559 ut
693 3497 831 3580 gloriam
853 3517 1014 3580 spernam,
1037 3499 1154 3562 tamen

190 3601 228 3645 ea
249 3579 370 3648 nostris
392 3581 590 3664 temporibus
613 3584 706 3668 eopia
728 3588 779 3652 est
800 3586 851 3651 vel
872 3584 1071 3652 eruditorum
1095 3585 1155 3652 ho·
