2330 3944
388 199 522 255 ORATIO
541 201 650 296 XVII..
920 203 984 267 167

36 346 117 409 tione
130 365 205 427 pars
224 343 305 408 mihi
323 344 443 408 laboris
461 345 569 428 aliqua
588 345 780 430 demeretur,
799 347 854 432 qui
872 350 984 412 tamen

36 455 68 496 eo
98 432 229 496 nomine
261 453 313 496 me
340 431 567 516 reprehendat,
598 433 693 513 nimis
722 456 795 499 eum
822 439 983 519 agrestem

35 524 124 603 atque
159 520 373 584 inhumanum
409 520 488 585 fore.
531 519 617 585 Nam
649 543 722 586 cum
757 543 807 587 me
844 523 983 608 populus

35 608 194 672 Romanus
221 608 282 672 hos
309 629 409 692 prope
436 609 501 672 iam
528 609 645 693 viginti
668 631 771 674 annos
798 609 915 676 viderit
936 612 984 676 ita

36 699 184 780 perpetuo
211 695 401 760 mandatum
427 696 507 760 mihi
529 718 646 762 munus
674 697 860 782 obeuntem,
886 719 988 764 nemo

36 789 65 846 ut
81 805 239 868 unquam,
262 785 318 868 qui
336 784 464 867 quidem
481 785 566 874 hanc
584 785 783 868 provinciam
802 787 984 871 sustineret,

36 875 83 935 aut
105 873 216 956 plures
240 876 296 936 aut
320 873 483 956 graviores
506 873 677 956 scriptores
700 877 757 938 aut
779 874 894 939 maiori
916 897 984 938 om-

37 962 116 1024 nium
139 963 284 1026 aetatum
307 961 512 1044 omniumque
536 961 684 1026 ordinum
707 982 864 1028 concursu
885 962 984 1026 inter·

36 1053 173 1131 pretatus
188 1050 242 1112 sit:
265 1070 347 1132 quae
369 1048 490 1112 invidia
511 1049 622 1133 fuerit,
643 1053 724 1114 natu
746 1051 811 1114 iam
834 1051 983 1136 grandio-

37 1158 92 1200 rem
108 1137 280 1220 minusque
294 1137 330 1200 in
343 1137 410 1201 dies
424 1137 621 1220 perferendis
639 1139 803 1204 laboribus
822 1137 983 1222 idoneum,

37 1225 184 1288 mollioris
208 1247 244 1288 ac
267 1225 457 1290 remissioris
476 1247 591 1308 operae
614 1227 735 1310 aliquid
758 1226 904 1291 sumere?
936 1225 984 1291 Ut

38 1331 199 1396 corporum
222 1313 267 1376 sic
284 1317 317 1376 et
339 1313 520 1378 animorum
542 1335 609 1378 non
632 1314 762 1379 eaedem
785 1315 984 1379 exercitatio-

39 1421 84 1464 nes
117 1422 247 1465 omnem
274 1404 413 1464 aetatem
441 1401 563 1466 decent.
603 1399 736 1486 Cursus,
767 1403 867 1484 lucta,
898 1403 985 1466 iacu-

38 1488 120 1571 latio,
161 1489 282 1571 discus,
322 1489 511 1572 harpastum
550 1490 743 1555 iuuenilibus
783 1490 904 1555 viribus
946 1509 984 1553 ac

38 1575 156 1640 lacertis
190 1577 399 1658 conveniunt3
435 1578 564 1642 senibus
597 1579 765 1662 apricatio,
797 1578 984 1661 ambulatio,

38 1664 168 1746 gestatio
187 1665 291 1748 magis
311 1665 469 1749 congruit.
500 1665 655 1730 Veterani
675 1667 764 1750 olim,
789 1687 983 1750 quamquam

39 1752 90 1815 sub
117 1753 219 1837 signis
247 1753 457 1836 haberentur,
489 1754 673 1838 graviorum
699 1759 809 1819 tamen
835 1755 983 1818 laborum

39 1839 187 1906 immunes
207 1844 307 1906 erant
335 1841 471 1906 Roscius
495 1841 678 1906 fabularum
702 1845 791 1907 actor
813 1843 860 1906 ita
883 1843 984 1906 excel·

39 1927 111 2012 lens,
141 1932 179 1992 ut
212 1949 251 1994 ex
282 1950 333 2012 eo,
366 1929 546 2013 quicunque
579 1930 714 1996 artificio
747 1930 853 2013 aliquo
885 1931 983 2012 longe

40 2017 215 2097 praestabat
256 2018 383 2101 ceteris,
423 2018 459 2082 in
495 2039 552 2082 suo
589 2039 705 2103 genere
743 2039 811 2082 essa
846 2015 983 2082 Roscius

41 2102 199 2188 diceretur,
223 2141 265 2151 -
288 2105 342 2170 hic
360 2125 437 2190 ergo
455 2105 604 2190 Roscius,
627 2127 700 2170 cum
723 2105 764 2169 ad
787 2108 984 2169 senectutem

41 2193 228 2272 pervenisset
249 2194 399 2258 incidisse
413 2192 602 2279 numeros*)
625 2215 663 2259 ac
685 2197 812 2276 cantus,
834 2194 984 2277 ipsasque

41 2282 225 2346 remissiores
257 2281 371 2346 fecisse
408 2282 523 2346 dicitur
559 2283 664 2347 tibias.
710 2282 801 2358 Quod
833 2281 984 2345 histrioni

41 2366 130 2451 licuit,
171 2390 229 2434 cur
268 2369 567 2435 honestissimarum
603 2369 721 2435 artium
757 2369 881 2434 doctori
916 2390 985 2434 non

41 2453 142 2522 liceat‘l

96 2543 153 2608 His
177 2549 211 2609 ot
234 2545 377 2610 eiusdem
400 2547 527 2631 generis
551 2547 622 2610 aliis
646 2547 845 2632 argumentis
868 2548 985 2627 uterer,

42 2629 77 2711 si,
96 2633 177 2714 quod
199 2633 297 2698 huius
319 2634 441 2698 factum
464 2638 527 2717 cst,
549 2657 620 2698 mea
638 2656 751 2698 caussa
773 2635 896 2698 factum
915 2652 985 2697 esse

44 2719 204 2797 profiterer.
252 2719 314 2785 Sed
345 2723 442 2806 longe
475 2722 539 2787 alia
570 2722 649 2786 mihi
680 2743 771 2786 mans
802 2721 878 2804 fuit,
911 2739 985 2783 cum

43 2801 95 2868 hoc
127 2807 297 2874 consilium
333 2811 411 2894 cepi.
460 2809 603 2874 Iudicavi
638 2809 848 2892 paucissimos
884 2807 985 2872 libros

43 2912 124 2972 posse
149 2897 284 2979 reperiri
311 2898 352 2961 ad
374 2897 603 2981 praestandum
625 2897 672 2979 id,
695 2897 781 2980 quod
804 2920 824 2960 a
846 2918 897 2960 mc
920 2895 985 2958 exi-

45 2980 130 3065 gitur,
156 2985 319 3068 quodque
334 3006 394 3069 ego
423 2985 511 3050 omni
539 3007 599 3069 ope
622 2985 747 3049 efficere
775 2985 904 3065 molior,
933 3001 985 3045 ac-

45 3072 304 3137 commodatiores.
332 3071 426 3138 Certe
448 3074 534 3137 enim
552 3073 741 3138 mandatum
759 3072 838 3136 mihi
856 3070 984 3156 publice

48 3305 54 3316 .
91 3243 113 3309 Ἴ
128 3243 252 3300 Muretus
266 3245 423 3300 imitatione
439 3262 490 3302 sua
503 3246 636 3315 probasse
651 3246 762 3300 videtur
776 3243 907 3300 Lambini
921 3261 985 3299 con-

47 3311 164 3368 iecturam
196 3315 227 3368 in
259 3313 389 3370 Cicerone
422 3316 456 3371 de
483 3315 549 3386 Lag.
576 3317 596 3370 Ι.
625 3323 650 3370 4.
687 3315 803 3370 Roscius
834 3315 985 3388 familiaria

46 3381 101 3458 taes
115 3384 144 3436 ia
160 3390 292 3440 senectute
308 3401 433 3440 numeros
457 3387 488 3440 iu
506 3391 591 3441 cauta
614 3387 758 3452 ceciderat,
781 3387 906 3454 ipsasque
928 3390 987 3438 tar·

9 3483 10 3486 ,
47 3446 121 3506 daces
136 3455 235 3521 fecerat
253 3457 349 3522 titius,
373 3457 422 3510 ubi
444 3457 493 3510 vul
514 3473 530 3510 o
550 3455 642 3510 editur
660 3457 799 3511 cecinerat.
829 3455 886 3525 [Or.
905 3455 982 3506 renui

47 3522 124 3594 Seleu]
151 3524 204 3580 Sed
223 3525 295 3579 nihil
313 3527 389 3581 certi.
417 3525 500 3580 Ruhn
523 3567 528 3580 .
