2360 3944
211 255 252 316 14
594 249 729 306 ORATIO
749 251 782 304 II.

210 419 312 480 crum,
334 399 371 460 ut
390 392 599 480 Euripides*)
617 393 781 478 prodidit?
805 394 890 478 quod
914 395 1144 459 emolumentum

210 507 248 550 ex
271 485 407 549 istorum
431 484 575 548 omnium
598 483 746 564 scientia,
770 483 855 566 quod
875 482 1095 546 detrimentum
1115 505 1144 546 ex

208 573 413 658 ignoratione
432 573 553 656 percipi
570 571 699 654 potest?
735 569 821 635 Nam
839 575 1016 636 ceterarum
1035 571 1144 654 quiden

209 662 327 725 artium
348 661 546 744 professores
570 662 726 742 quantum
748 659 899 723 utilitatis
923 660 1068 743 afferant,
1088 681 1144 743 pcr-

209 749 303 814 facile
331 753 380 813 est
407 749 447 812 ad
470 748 724 832 intelligendum.
770 745 842 812 Sive
871 747 957 812 enim
979 749 1145 812 dialecticos

210 841 347 922 spectesr
370 838 411 902 ab
430 837 469 900 iis
483 839 576 900 certa
595 836 752 920 quasdam
770 836 837 900 veri
859 835 996 919 falsique
1014 837 1049 900 in
1065 836 1144 898 rebus

211 927 359 990 omnibus
378 924 592 1009 cognoscendi
610 925 693 988 ratio
713 924 865 1006 traditum
887 924 911 986 ii
933 945 980 1008 se,
1004 925 1078 1008 quid
1094 923 1145 987 cni·

210 1036 271 1097 que
286 1017 537 1078 consentaneum
556 1013 611 1096 sit,
630 1012 706 1095 quid
724 1033 924 1096 repugnans,
942 1012 1019 1095 quid
1033 1034 1070 1076 ex
1082 1033 1145 1094 quo·

209 1123 271 1184 que
285 1101 456 1182 efficiatur,
474 1122 555 1184 quae
570 1101 612 1164 sit
630 1100 805 1182 dividendi,
824 1121 905 1183 quae
921 1100 1065 1182 finiendi,
1079 1121 1145 1182 quae

210 1190 456 1273 argumentandi
478 1190 575 1272 ratio,
605 1192 637 1252 et
658 1192 768 1253 tenere
792 1192 825 1252 et
847 1188 927 1252 alios
951 1188 1062 1254 docere
1083 1208 1145 1271 prae

210 1299 243 1340 se
257 1276 374 1340 ferunt.
401 1276 484 1352 Quid
497 1277 644 1361 physici?
659 1278 714 1360 qui
728 1299 835 1341 rerum
848 1275 1008 1360 principia
1022 1297 1146 1341 caussas-

210 1387 270 1448 que
293 1368 449 1449 tractant,
467 1367 536 1450 qui,
555 1365 714 1449 quomodo
734 1366 873 1448 quidque
896 1365 1062 1449 gignatur,
1083 1385 1146 1448 quo-

209 1475 271 1537 que
294 1454 389 1519 modo
412 1455 563 1538 intereat,
586 1454 777 1536 edisserunt,
800 1453 856 1536 qui
878 1453 1073 1535 nimborum,
1096 1452 1146 1514 ful·

209 1542 332 1604 minum
354 1545 645 1625 tempestatumque
664 1561 807 1624 caussae,
831 1541 885 1624 qui
903 1561 1074 1624 corporum
1090 1561 1146 1603 101-

208 1629 337 1693 lestium
346 1630 1147 1714 magnitudinesintervalla,cursus,progressiones,

209 1717 401 1800 institiones,
411 1718 466 1799 qui
480 1717 650 1780 animit
592 1721 650 1780 nat
651 1717 815 1800 uram5qui
828 1717 988 1781 rationem
1004 1737 1148 1814 sensuum,

136 1817 182 1848 Γ
196 1805 265 1887 qui
288 1805 501 1870 animantium
523 1805 666 1868 omnium
689 1808 792 1888 ortus,
812 1805 928 1888 victus,
950 1806 1083 1908 figuras,
1103 1803 1147 1954 qui

210 1893 371 1977 stirpium,
391 1893 446 1976 qui
465 1893 608 1958 omnium
626 1892 726 1956 ferme
744 1913 864 1976 rerum,
883 1914 965 1976 quae
983 1895 1149 1980 gignuntur

210 1985 344 2065 eterra,
367 1985 501 2048 naturas
521 1981 568 2046 111
589 1983 837 2066 persequuntur,
860 1982 950 2045 nulla
967 1986 1006 2046 ut
1029 2003 1099 2066 pars
1115 1979 1148 2042 ab

210 2071 255 2134 eis
274 2033 362 2136 coelo
369 2072 489 2154 ,mari,
506 2074 605 2154 terra,
619 2073 662 2133 ut
680 2073 794 2152 po'e'tae
812 2069 1000 2154 loquuntur,
1024 2071 1148 2154 praeter·

209 2159 307 2222 missa
332 2159 385 2222 sit:
359 2159 493 2222 thaec
516 2180 589 2222 cum
611 2160 766 2241 tractant,
793 2157 1038 2222 mediocriterne
1059 2157 1151 2240 reipu-

209 2246 310 2309 blicae
333 2246 493 2328 prosunt?
537 2244 623 2308 Nam
646 2246 673 2309 si
697 2246 738 2310 ad
761 2267 815 2310 eos
841 2249 874 2309 te
898 2251 1079 2328 convertas,
1104 2243 1150 2327 qui

210 2354 281 2396 eam
299 2336 508 2416 susceperunt
525 2333 748 2418 philosophiae
767 2337 905 2418 partem,
923 2335 958 2398 in
976 2356 1041 2418 qua
1059 2335 1095 2398 de
1111 2353 1150 2395 11-

209 2421 269 2485 bus
288 2421 474 2505 expetendis
496 2421 722 2506 fugiendisque
741 2422 918 2486 disseritur:
941 2423 965 2486 ii
983 2445 1059 2488 vero
1078 2423 1151 2502 sunt,

210 2531 346 2593 quorum
368 2509 544 2574 industriae
567 2511 658 2574 nulla
679 2531 822 2593 unquam
844 2514 999 2594 poterunt
1021 2509 1152 2596 praemia

210 2599 288 2662 satis
303 2599 410 2682 ampla
423 2599 564 2682 reperiri
583 2597 704 2674 Quibus
719 2599 806 2663 enim
818 2621 976 2702 quamque
990 2597 1151 2695 praeclaris

208 2687 244 2751 in
263 2687 358 2752 rebus
378 2709 488 2752 eorum
506 2687 741 2771 disputationes
760 2689 905 2752 consumi
923 2687 1089 2752 videmus?
1106 2706 1153 2768 qur

208 2776 270 2840 hoc
293 2776 432 2859 primum
454 2776 584 2860 docent,
612 2776 667 2860 qui
695 2776 737 2840 sit
764 2775 851 2859 finis,
879 2776 955 2859 quid
977 2779 1153 2925 extremum,

210 2864 286 2948 quid
304 2864 453 2928 ultimum
470 2865 629 2930 bonorum
648 2864 807 3016 omnium,
823 2865 908 3015 quod
922 2885 1023 2928 unum
1036 2865 1071 2927 in
1071 2860 1154 2941 tueri,

210 2977 273 3038 quo
288 2975 399 3019 omnes
414 2954 570 3038 actiones,
590 2972 701 3019 omnes
720 2953 827 3036 cogita
828 2953 946 3036 tiones,
965 2953 1074 3016 omnia
1088 2971 1153 3014 con·

210 3044 282 3107 silia
308 3043 420 3108 referri
448 3045 608 3127 oporteat,
636 3045 716 3126 quot
743 3041 808 3104 sint
834 3003 990 3106 uirtutirm
1022 3043 1154 3140 quotque

209 3133 256 3196 vit
257 3131 361 3195 iorum
382 3153 514 3216 genera,
537 3131 715 3214 quibusque
738 3129 841 3194 modis
863 3129 936 3193 illas
959 3128 1098 3211 assequi,
1119 3124 1154 3188 ab

209 3219 260 3282 his
276 3219 435 3284 declinare
449 3241 609 3302 poss1mus
613 3270 622 3303 ,
641 3241 705 3302 quo
719 3217 814 3282 modo
830 3217 1002 3281 exsultanti
1015 3213 1155 3312 iactanti·

211 3328 272 3390 que
292 3328 325 3372 se
345 3311 378 3371 et
398 3307 589 3371 detrectanti
564 3306 779 3372 trationis
769 3306 939 3388 imperium
960 3304 1100 3369 frenos
1091 3301 1156 3366 mii-

211 3416 281 3460 cere
305 3399 455 3480 oporteat
477 3395 644 3480 cupiditat
635 3417 659 3479 1,
681 3398 751 3460 tum
772 3415 835 3477 quo
859 3393 954 3458 modo
974 3393 1104 3476 quisque
1127 3409 1156 3452 se

263 3590 289 3656 *)
308 3585 403 3655 Eurip.
423 3585 526 3640 Electr.
547 3591 622 3642 1282.
638 3603 678 3656 sq.
