<?xml version="1.0" encoding="UTF-8"?>
<!DOCTYPE html PUBLIC "-//W3C//DTD XHTML 1.0 Transitional//EN"
    "http://www.w3.org/TR/xhtml1/DTD/xhtml1-transitional.dtd">
<html xmlns="http://www.w3.org/1999/xhtml" xml:lang="en" lang="en">
 <head>
  <title>
</title>
<meta http-equiv="Content-Type" content="text/html;charset=utf-8" />
  <meta name='ocr-system' content='tesseract 3.04.00' />
  <meta name='ocr-capabilities' content='ocr_page ocr_carea ocr_par ocr_line ocrx_word'/>
</head>
<body>
  <div class='ocr_page' id='page_1' title='image "./mantoniimuretis00freygoog_0049.png"; bbox 0 0 2360 3944; ppageno 0'>
   <div class='ocr_carea' id='block_1_1' title="bbox 559 236 760 292">
    <p class='ocr_par' dir='ltr' id='par_1_1' title="bbox 559 236 760 292">
     <span class='ocr_line' id='line_1_1' title="bbox 559 236 760 292; baseline -0.01 0"><span class='ocrx_word' id='word_1_1' title='bbox 559 236 694 292; x_wconf 84' lang='lat' dir='ltr'><strong>ORATIO</strong></span> <span class='ocrx_word' id='word_1_2' title='bbox 713 236 760 290; x_wconf 88' lang='lat' dir='ltr'>IV.</span> 
     </span>
    </p>
   </div>
   <div class='ocr_carea' id='block_1_2' title="bbox 267 571 1049 832">
    <p class='ocr_par' dir='ltr' id='par_1_2' title="bbox 267 571 1049 832">
     <span class='ocr_line' id='line_1_2' title="bbox 267 571 1049 658; baseline -0.001 0"><span class='ocrx_word' id='word_1_3' title='bbox 267 599 319 658; x_wconf 83' lang='lat' dir='ltr'>nu</span> <span class='ocrx_word' id='word_1_4' title='bbox 342 597 515 658; x_wconf 73' lang='lat' dir='ltr'>nonanis</span> <span class='ocrx_word' id='word_1_5' title='bbox 538 596 829 658; x_wconf 76' lang='lat' dir='ltr'>Panosorrimn</span> <span class='ocrx_word' id='word_1_6' title='bbox 852 571 1049 658; x_wconf 74' lang='lat' dir='ltr'>intumus</span> 
     </span>
     <span class='ocr_line' id='line_1_3' title="bbox 502 749 820 832; baseline 0 0"><span class='ocrx_word' id='word_1_7' title='bbox 502 749 716 832; x_wconf 82' lang='lat' dir='ltr'>ORATIO</span> <span class='ocrx_word' id='word_1_8' title='bbox 747 751 820 832; x_wconf 90' lang='lat' dir='ltr'>IV.</span> 
     </span>
    </p>
   </div>
   <div class='ocr_carea' id='block_1_3' title="bbox 254 923 1065 968">
    <p class='ocr_par' dir='ltr' id='par_1_3' title="bbox 254 923 1065 968">
     <span class='ocr_line' id='line_1_4' title="bbox 254 923 1065 968; baseline -0.005 0"><span class='ocrx_word' id='word_1_9' title='bbox 254 926 372 968; x_wconf 73' lang='lat' dir='ltr'>HABITA</span> <span class='ocrx_word' id='word_1_10' title='bbox 391 925 495 966; x_wconf 76' lang='lat' dir='ltr'>Roman</span> <span class='ocrx_word' id='word_1_11' title='bbox 515 926 577 966; x_wconf 87' lang='lat' dir='ltr'>XVI.</span> <span class='ocrx_word' id='word_1_12' title='bbox 595 925 666 965; x_wconf 74' lang='grc' dir='ltr'><strong>ΚΑΒ.</strong></span> <span class='ocrx_word' id='word_1_13' title='bbox 684 923 814 965; x_wconf 81' lang='lat' dir='ltr'><strong>DEGEMB.</strong></span> <span class='ocrx_word' id='word_1_14' title='bbox 832 925 917 966; x_wconf 76' lang='lat' dir='ltr'>Anno</span> <span class='ocrx_word' id='word_1_15' title='bbox 935 925 1065 965; x_wconf 85' lang='lat' dir='ltr'>MDLXIII.</span> 
     </span>
    </p>
   </div>
   <div class='ocr_carea' id='block_1_4' title="bbox 116 1087 1139 3120">
    <p class='ocr_par' dir='ltr' id='par_1_4' title="bbox 116 1087 1139 3120">
     <span class='ocr_line' id='line_1_5' title="bbox 249 1087 1126 1170; baseline -0.001 -20"><span class='ocrx_word' id='word_1_16' title='bbox 249 1087 360 1151; x_wconf 82' lang='lat' dir='ltr'>Veteri</span> <span class='ocrx_word' id='word_1_17' title='bbox 377 1087 607 1152; x_wconf 83' lang='lat' dir='ltr'>consuetudine</span> <span class='ocrx_word' id='word_1_18' title='bbox 627 1089 792 1170; x_wconf 88' lang='lat' dir='ltr'>receptum</span> <span class='ocrx_word' id='word_1_19' title='bbox 806 1089 867 1166; x_wconf 88' lang='lat' dir='ltr'>est,</span> <span class='ocrx_word' id='word_1_20' title='bbox 886 1089 923 1150; x_wconf 88' lang='lat' dir='ltr'>ut</span> <span class='ocrx_word' id='word_1_21' title='bbox 942 1108 1064 1170; x_wconf 86' lang='lat' dir='ltr'>omnes,</span> <span class='ocrx_word' id='word_1_22' title='bbox 1082 1087 1126 1169; x_wconf 89' lang='lat' dir='ltr'>qui</span> 
     </span>
     <span class='ocr_line' id='line_1_6' title="bbox 183 1175 1127 1260; baseline -0.002 -21"><span class='ocrx_word' id='word_1_23' title='bbox 183 1180 285 1239; x_wconf 86' lang='lat' dir='ltr'>artem</span> <span class='ocrx_word' id='word_1_24' title='bbox 313 1176 454 1260; x_wconf 80' lang='lat' dir='ltr'>aliquam</span> <span class='ocrx_word' id='word_1_25' title='bbox 485 1176 612 1259; x_wconf 89' lang='lat' dir='ltr'>publice</span> <span class='ocrx_word' id='word_1_26' title='bbox 641 1175 818 1240; x_wconf 77' lang='lat' dir='ltr'>docendam</span> <span class='ocrx_word' id='word_1_27' title='bbox 849 1176 1042 1258; x_wconf 88' lang='lat' dir='ltr'>suscipiunt,</span> <span class='ocrx_word' id='word_1_28' title='bbox 1068 1197 1127 1238; x_wconf 86' lang='lat' dir='ltr'>eam</span> 
     </span>
     <span class='ocr_line' id='line_1_7' title="bbox 181 1264 1125 1348; baseline -0.001 -21"><span class='ocrx_word' id='word_1_29' title='bbox 181 1266 320 1348; x_wconf 89' lang='lat' dir='ltr'>primam</span> <span class='ocrx_word' id='word_1_30' title='bbox 341 1264 485 1328; x_wconf 86' lang='lat' dir='ltr'>habeant</span> <span class='ocrx_word' id='word_1_31' title='bbox 508 1265 708 1346; x_wconf 87' lang='lat' dir='ltr'>concionem,</span> <span class='ocrx_word' id='word_1_32' title='bbox 732 1285 795 1347; x_wconf 90' lang='lat' dir='ltr'>qua</span> <span class='ocrx_word' id='word_1_33' title='bbox 815 1264 975 1328; x_wconf 86' lang='lat' dir='ltr'>rationem</span> <span class='ocrx_word' id='word_1_34' title='bbox 999 1264 1125 1328; x_wconf 78' lang='lat' dir='ltr'>institut</span> 
     </span>
     <span class='ocr_line' id='line_1_8' title="bbox 183 1353 1128 1436; baseline -0.002 -20"><span class='ocrx_word' id='word_1_35' title='bbox 183 1354 232 1416; x_wconf 88' lang='lat' dir='ltr'>sui</span> <span class='ocrx_word' id='word_1_36' title='bbox 256 1375 328 1416; x_wconf 90' lang='lat' dir='ltr'>cum</span> <span class='ocrx_word' id='word_1_37' title='bbox 352 1353 434 1436; x_wconf 77' lang='lat' dir='ltr'>ciue,</span> <span class='ocrx_word' id='word_1_38' title='bbox 463 1375 560 1435; x_wconf 89' lang='lat' dir='ltr'>quam</span> <span class='ocrx_word' id='word_1_39' title='bbox 583 1375 616 1416; x_wconf 86' lang='lat' dir='ltr'>se</span> <span class='ocrx_word' id='word_1_40' title='bbox 643 1353 819 1416; x_wconf 71' lang='lat' dir='ltr'>tradituros</span> <span class='ocrx_word' id='word_1_41' title='bbox 843 1375 911 1416; x_wconf 86' lang='lat' dir='ltr'>esse</span> <span class='ocrx_word' id='word_1_42' title='bbox 939 1353 1128 1436; x_wconf 86' lang='lat' dir='ltr'>profitentur,</span> 
     </span>
     <span class='ocr_line' id='line_1_9' title="bbox 183 1437 1128 1526; baseline -0.001 -22"><span class='ocrx_word' id='word_1_43' title='bbox 183 1441 261 1505; x_wconf 87' lang='lat' dir='ltr'>artis</span> <span class='ocrx_word' id='word_1_44' title='bbox 284 1437 378 1505; x_wconf 83' lang='lat' dir='ltr'>laude</span> <span class='ocrx_word' id='word_1_45' title='bbox 405 1442 617 1526; x_wconf 85' lang='lat' dir='ltr'>coniungant,</span> <span class='ocrx_word' id='word_1_46' title='bbox 646 1462 746 1524; x_wconf 87' lang='lat' dir='ltr'>eoque</span> <span class='ocrx_word' id='word_1_47' title='bbox 774 1440 928 1524; x_wconf 90' lang='lat' dir='ltr'>quidquid</span> <span class='ocrx_word' id='word_1_48' title='bbox 955 1441 1076 1504; x_wconf 86' lang='lat' dir='ltr'>habent</span> <span class='ocrx_word' id='word_1_49' title='bbox 1100 1442 1128 1503; x_wconf 92' lang='lat' dir='ltr'>in</span> 
     </span>
     <span class='ocr_line' id='line_1_10' title="bbox 183 1529 1128 1611; baseline -0.002 -19"><span class='ocrx_word' id='word_1_50' title='bbox 183 1530 323 1593; x_wconf 90' lang='lat' dir='ltr'>dicendo·</span> <span class='ocrx_word' id='word_1_51' title='bbox 345 1531 462 1595; x_wconf 81' lang='lat' dir='ltr'>virium</span> <span class='ocrx_word' id='word_1_52' title='bbox 489 1531 672 1611; x_wconf 88' lang='lat' dir='ltr'>conferant,</span> <span class='ocrx_word' id='word_1_53' title='bbox 699 1533 735 1592; x_wconf 90' lang='lat' dir='ltr'>ut</span> <span class='ocrx_word' id='word_1_54' title='bbox 762 1529 797 1592; x_wconf 93' lang='lat' dir='ltr'>in</span> <span class='ocrx_word' id='word_1_55' title='bbox 825 1551 863 1592; x_wconf 89' lang='lat' dir='ltr'>ea</span> <span class='ocrx_word' id='word_1_56' title='bbox 890 1551 963 1593; x_wconf 87' lang='lat' dir='ltr'>cum</span> <span class='ocrx_word' id='word_1_57' title='bbox 991 1530 1128 1593; x_wconf 72' lang='lat' dir='ltr'>utilitatis</span> 
     </span>
     <span class='ocr_line' id='line_1_11' title="bbox 182 1617 1128 1701; baseline -0.002 -20"><span class='ocrx_word' id='word_1_58' title='bbox 182 1621 215 1681; x_wconf 89' lang='lat' dir='ltr'>et</span> <span class='ocrx_word' id='word_1_59' title='bbox 234 1619 455 1700; x_wconf 84' lang='lat' dir='ltr'>emolumenti,</span> <span class='ocrx_word' id='word_1_60' title='bbox 473 1622 542 1682; x_wconf 86' lang='lat' dir='ltr'>turn</span> <span class='ocrx_word' id='word_1_61' title='bbox 561 1617 729 1701; x_wconf 82' lang='lat' dir='ltr'>dignitatis</span> <span class='ocrx_word' id='word_1_62' title='bbox 749 1620 781 1681; x_wconf 88' lang='lat' dir='ltr'>et</span> <span class='ocrx_word' id='word_1_63' title='bbox 800 1617 1023 1700; x_wconf 85' lang='lat' dir='ltr'>amplitudinis</span> <span class='ocrx_word' id='word_1_64' title='bbox 1043 1621 1128 1701; x_wconf 84' lang='lat' dir='ltr'>longe</span> 
     </span>
     <span class='ocr_line' id='line_1_12' title="bbox 181 1704 1129 1788; baseline -0.001 -20"><span class='ocrx_word' id='word_1_65' title='bbox 181 1707 356 1788; x_wconf 89' lang='lat' dir='ltr'>plurimum</span> <span class='ocrx_word' id='word_1_66' title='bbox 382 1707 487 1768; x_wconf 88' lang='lat' dir='ltr'>inesse</span> <span class='ocrx_word' id='word_1_67' title='bbox 511 1705 710 1768; x_wconf 87' lang='lat' dir='ltr'>confirment.</span> <span class='ocrx_word' id='word_1_68' title='bbox 745 1704 833 1780; x_wconf 84' lang='lat' dir='ltr'>Quae</span> <span class='ocrx_word' id='word_1_69' title='bbox 856 1707 1056 1770; x_wconf 87' lang='lat' dir='ltr'>consuetudo</span> <span class='ocrx_word' id='word_1_70' title='bbox 1078 1707 1129 1769; x_wconf 87' lang='lat' dir='ltr'>etsi</span> 
     </span>
     <span class='ocr_line' id='line_1_13' title="bbox 181 1793 1130 1878; baseline 0.001 -22"><span class='ocrx_word' id='word_1_71' title='bbox 181 1795 313 1856; x_wconf 90' lang='lat' dir='ltr'>minime</span> <span class='ocrx_word' id='word_1_72' title='bbox 338 1793 601 1876; x_wconf 87' lang='lat' dir='ltr'>reprehendenda</span> <span class='ocrx_word' id='word_1_73' title='bbox 628 1793 707 1856; x_wconf 86' lang='lat' dir='ltr'>mihi</span> <span class='ocrx_word' id='word_1_74' title='bbox 736 1793 864 1876; x_wconf 87' lang='lat' dir='ltr'>quidem</span> <span class='ocrx_word' id='word_1_75' title='bbox 886 1794 1028 1877; x_wconf 82' lang='lat' dir='ltr'>videtur,</span> <span class='ocrx_word' id='word_1_76' title='bbox 1056 1794 1130 1878; x_wconf 90' lang='lat' dir='ltr'>quod</span> 
     </span>
     <span class='ocr_line' id='line_1_14' title="bbox 182 1881 1129 1966; baseline 0 -20"><span class='ocrx_word' id='word_1_77' title='bbox 182 1883 292 1946; x_wconf 89' lang='lat' dir='ltr'>omnia</span> <span class='ocrx_word' id='word_1_78' title='bbox 319 1881 481 1946; x_wconf 89' lang='lat' dir='ltr'>laudanda</span> <span class='ocrx_word' id='word_1_79' title='bbox 507 1885 595 1964; x_wconf 88' lang='lat' dir='ltr'>sunt,</span> <span class='ocrx_word' id='word_1_80' title='bbox 623 1903 704 1964; x_wconf 89' lang='lat' dir='ltr'>quae</span> <span class='ocrx_word' id='word_1_81' title='bbox 729 1883 769 1944; x_wconf 93' lang='lat' dir='ltr'>ad</span> <span class='ocrx_word' id='word_1_82' title='bbox 797 1882 1057 1966; x_wconf 90' lang='lat' dir='ltr'>amplificandam</span> <span class='ocrx_word' id='word_1_83' title='bbox 1082 1883 1129 1946; x_wconf 91' lang='lat' dir='ltr'>ho-</span> 
     </span>
     <span class='ocr_line' id='line_1_15' title="bbox 181 1970 1131 2056; baseline -0.002 -21"><span class='ocrx_word' id='word_1_84' title='bbox 181 1975 347 2036; x_wconf 89' lang='lat' dir='ltr'>nestarum</span> <span class='ocrx_word' id='word_1_85' title='bbox 377 1971 494 2035; x_wconf 88' lang='lat' dir='ltr'>artium</span> <span class='ocrx_word' id='word_1_86' title='bbox 522 1970 713 2056; x_wconf 84' lang='lat' dir='ltr'>dignitatem</span> <span class='ocrx_word' id='word_1_87' title='bbox 741 1974 774 2034; x_wconf 86' lang='lat' dir='ltr'>et</span> <span class='ocrx_word' id='word_1_88' title='bbox 802 1971 842 2033; x_wconf 88' lang='lat' dir='ltr'>ad</span> <span class='ocrx_word' id='word_1_89' title='bbox 873 1971 1076 2036; x_wconf 59' lang='lat' dir='ltr'>*excitandum</span> <span class='ocrx_word' id='word_1_90' title='bbox 1102 1971 1131 2033; x_wconf 91' lang='lat' dir='ltr'>in</span> 
     </span>
     <span class='ocr_line' id='line_1_16' title="bbox 181 2059 1131 2142; baseline -0.003 -18"><span class='ocrx_word' id='word_1_91' title='bbox 181 2061 351 2125; x_wconf 88' lang='lat' dir='ltr'>hominum</span> <span class='ocrx_word' id='word_1_92' title='bbox 374 2060 490 2124; x_wconf 88' lang='lat' dir='ltr'>animis</span> <span class='ocrx_word' id='word_1_93' title='bbox 518 2081 628 2123; x_wconf 88' lang='lat' dir='ltr'>earum</span> <span class='ocrx_word' id='word_1_94' title='bbox 656 2059 797 2122; x_wconf 89' lang='lat' dir='ltr'>studium</span> <span class='ocrx_word' id='word_1_95' title='bbox 824 2060 1003 2142; x_wconf 83' lang='lat' dir='ltr'>pertinent:</span> <span class='ocrx_word' id='word_1_96' title='bbox 1032 2064 1131 2124; x_wconf 86' lang='lat' dir='ltr'>tamen</span> 
     </span>
     <span class='ocr_line' id='line_1_17' title="bbox 181 2148 1132 2232; baseline -0.003 -20"><span class='ocrx_word' id='word_1_97' title='bbox 181 2149 262 2212; x_wconf 91' lang='lat' dir='ltr'>illud</span> <span class='ocrx_word' id='word_1_98' title='bbox 284 2149 384 2212; x_wconf 87' lang='lat' dir='ltr'>habet</span> <span class='ocrx_word' id='word_1_99' title='bbox 405 2148 613 2229; x_wconf 81' lang='lat' dir='ltr'>incommodi,</span> <span class='ocrx_word' id='word_1_100' title='bbox 642 2148 740 2231; x_wconf 90' lang='lat' dir='ltr'>quod,</span> <span class='ocrx_word' id='word_1_101' title='bbox 767 2148 843 2210; x_wconf 91' lang='lat' dir='ltr'>dum</span> <span class='ocrx_word' id='word_1_102' title='bbox 867 2169 978 2212; x_wconf 85' lang='lat' dir='ltr'>omues</span> <span class='ocrx_word' id='word_1_103' title='bbox 1007 2149 1132 2232; x_wconf 91' lang='lat' dir='ltr'>promis-</span> 
     </span>
     <span class='ocr_line' id='line_1_18' title="bbox 182 2236 1133 2320; baseline -0.002 -20"><span class='ocrx_word' id='word_1_104' title='bbox 182 2259 240 2300; x_wconf 88' lang='lat' dir='ltr'>cue</span> <span class='ocrx_word' id='word_1_105' title='bbox 258 2236 373 2299; x_wconf 87' lang='lat' dir='ltr'>iisdem</span> <span class='ocrx_word' id='word_1_106' title='bbox 394 2237 460 2299; x_wconf 88' lang='lat' dir='ltr'>fere</span> <span class='ocrx_word' id='word_1_107' title='bbox 480 2236 665 2298; x_wconf 87' lang='lat' dir='ltr'>afficiuntur</span> <span class='ocrx_word' id='word_1_108' title='bbox 686 2236 848 2318; x_wconf 85' lang='lat' dir='ltr'>laudibus,</span> <span class='ocrx_word' id='word_1_109' title='bbox 869 2237 1075 2320; x_wconf 82' lang='lat' dir='ltr'>eiusdemque</span> <span class='ocrx_word' id='word_1_110' title='bbox 1093 2236 1133 2300; x_wconf 90' lang='lat' dir='ltr'>rei</span> 
     </span>
     <span class='ocr_line' id='line_1_19' title="bbox 183 2324 1134 2410; baseline -0.001 -22"><span class='ocrx_word' id='word_1_111' title='bbox 183 2325 320 2409; x_wconf 83' lang='lat' dir='ltr'>gloriam</span> <span class='ocrx_word' id='word_1_112' title='bbox 344 2324 541 2388; x_wconf 88' lang='lat' dir='ltr'>diversarum</span> <span class='ocrx_word' id='word_1_113' title='bbox 564 2325 682 2388; x_wconf 89' lang='lat' dir='ltr'>artium</span> <span class='ocrx_word' id='word_1_114' title='bbox 704 2324 851 2388; x_wconf 87' lang='lat' dir='ltr'>homines</span> <span class='ocrx_word' id='word_1_115' title='bbox 875 2325 925 2387; x_wconf 49' lang='lat' dir='ltr'>ad*</span> <span class='ocrx_word' id='word_1_116' title='bbox 940 2347 1034 2389; x_wconf 88' lang='lat' dir='ltr'>suam</span> <span class='ocrx_word' id='word_1_117' title='bbox 1057 2326 1134 2410; x_wconf 86' lang='lat' dir='ltr'>quis-</span> 
     </span>
     <span class='ocr_line' id='line_1_20' title="bbox 182 2413 1133 2497; baseline -0.001 -21"><span class='ocrx_word' id='word_1_118' title='bbox 182 2435 243 2497; x_wconf 92' lang='lat' dir='ltr'>que</span> <span class='ocrx_word' id='word_1_119' title='bbox 276 2413 442 2476; x_wconf 80' lang='lat' dir='ltr'>traducere</span> <span class='ocrx_word' id='word_1_120' title='bbox 472 2432 513 2476; x_wconf 79' lang='lat' dir='ltr'>&#39;ac</span> <span class='ocrx_word' id='word_1_121' title='bbox 545 2414 719 2476; x_wconf 84' lang='lat' dir='ltr'>transferre</span> <span class='ocrx_word' id='word_1_122' title='bbox 752 2416 924 2495; x_wconf 86' lang='lat' dir='ltr'>conantur,</span> <span class='ocrx_word' id='word_1_123' title='bbox 959 2413 1011 2497; x_wconf 78' lang='lat' dir='ltr'>fic,</span> <span class='ocrx_word' id='word_1_124' title='bbox 1042 2419 1078 2478; x_wconf 91' lang='lat' dir='ltr'>ut</span> <span class='ocrx_word' id='word_1_125' title='bbox 1105 2415 1133 2476; x_wconf 92' lang='lat' dir='ltr'>in</span> 
     </span>
     <span class='ocr_line' id='line_1_21' title="bbox 182 2502 1135 2587; baseline -0.002 -21"><span class='ocrx_word' id='word_1_126' title='bbox 182 2504 299 2587; x_wconf 83' lang='lat' dir='ltr'>vulgus</span> <span class='ocrx_word' id='word_1_127' title='bbox 322 2503 463 2566; x_wconf 88' lang='lat' dir='ltr'>elevetur</span> <span class='ocrx_word' id='word_1_128' title='bbox 486 2502 629 2566; x_wconf 87' lang='lat' dir='ltr'>omnium</span> <span class='ocrx_word' id='word_1_129' title='bbox 658 2503 846 2584; x_wconf 87' lang='lat' dir='ltr'>auctoritas,</span> <span class='ocrx_word' id='word_1_130' title='bbox 875 2505 908 2565; x_wconf 90' lang='lat' dir='ltr'>et</span> <span class='ocrx_word' id='word_1_131' title='bbox 935 2506 986 2586; x_wconf 85' lang='lat' dir='ltr'>ut,</span> <span class='ocrx_word' id='word_1_132' title='bbox 1016 2503 1135 2586; x_wconf 90' lang='lat' dir='ltr'>quotics</span> 
     </span>
     <span class='ocr_line' id='line_1_22' title="bbox 182 2590 1136 2674; baseline -0.001 -21"><span class='ocrx_word' id='word_1_133' title='bbox 182 2590 298 2674; x_wconf 90' lang='lat' dir='ltr'>aliquis</span> <span class='ocrx_word' id='word_1_134' title='bbox 327 2590 366 2654; x_wconf 89' lang='lat' dir='ltr'>de</span> <span class='ocrx_word' id='word_1_135' title='bbox 393 2611 582 2674; x_wconf 87' lang='lat' dir='ltr'>quacunque</span> <span class='ocrx_word' id='word_1_136' title='bbox 611 2594 688 2654; x_wconf 85' lang='lat' dir='ltr'>arte</span> <span class='ocrx_word' id='word_1_137' title='bbox 707 2591 871 2674; x_wconf 86' lang='lat' dir='ltr'>quippiam</span> <span class='ocrx_word' id='word_1_138' title='bbox 898 2590 1078 2655; x_wconf 84' lang='lat' dir='ltr'>honorifice</span> <span class='ocrx_word' id='word_1_139' title='bbox 1105 2611 1136 2652; x_wconf 87' lang='lat' dir='ltr'>ac</span> 
     </span>
     <span class='ocr_line' id='line_1_23' title="bbox 183 2679 1136 2764; baseline -0.004 -20"><span class='ocrx_word' id='word_1_140' title='bbox 183 2679 348 2764; x_wconf 86' lang='lat' dir='ltr'>splendide</span> <span class='ocrx_word' id='word_1_141' title='bbox 369 2679 472 2743; x_wconf 85' lang='lat' dir='ltr'>dicere</span> <span class='ocrx_word' id='word_1_142' title='bbox 490 2679 655 2764; x_wconf 82' lang='lat' dir='ltr'>ingressus</span> <span class='ocrx_word' id='word_1_143' title='bbox 674 2682 736 2761; x_wconf 86' lang='lat' dir='ltr'>est,</span> <span class='ocrx_word' id='word_1_144' title='bbox 757 2679 949 2742; x_wconf 85' lang='lat' dir='ltr'>circumfusa</span> <span class='ocrx_word' id='word_1_145' title='bbox 967 2679 1136 2744; x_wconf 89' lang='lat' dir='ltr'>multitudo</span> 
     </span>
     <span class='ocr_line' id='line_1_24' title="bbox 116 2767 1138 2853; baseline -0.004 -21"><span class='ocrx_word' id='word_1_146' title='bbox 116 2837 119 2842; x_wconf 64' lang='grc'>,</span> <span class='ocrx_word' id='word_1_147' title='bbox 181 2769 228 2832; x_wconf 89' lang='lat' dir='ltr'>ita</span> <span class='ocrx_word' id='word_1_148' title='bbox 248 2791 320 2834; x_wconf 89' lang='lat' dir='ltr'>eum</span> <span class='ocrx_word' id='word_1_149' title='bbox 343 2769 432 2853; x_wconf 92' lang='lat' dir='ltr'>loqui</span> <span class='ocrx_word' id='word_1_150' title='bbox 451 2768 614 2852; x_wconf 90' lang='lat' dir='ltr'>opinetur,</span> <span class='ocrx_word' id='word_1_151' title='bbox 636 2789 703 2831; x_wconf 91' lang='lat' dir='ltr'>non</span> <span class='ocrx_word' id='word_1_152' title='bbox 723 2767 808 2850; x_wconf 91' lang='lat' dir='ltr'>quod</span> <span class='ocrx_word' id='word_1_153' title='bbox 830 2768 877 2830; x_wconf 90' lang='lat' dir='ltr'>ita</span> <span class='ocrx_word' id='word_1_154' title='bbox 900 2767 955 2851; x_wconf 83' lang='lat' dir='ltr'>sit,</span> <span class='ocrx_word' id='word_1_155' title='bbox 979 2769 1037 2832; x_wconf 88' lang='lat' dir='ltr'>sed</span> <span class='ocrx_word' id='word_1_156' title='bbox 1058 2767 1138 2851; x_wconf 88' lang='lat' dir='ltr'>quod</span> 
     </span>
     <span class='ocr_line' id='line_1_25' title="bbox 183 2856 1138 2940; baseline -0.005 -18"><span class='ocrx_word' id='word_1_157' title='bbox 183 2879 254 2922; x_wconf 88' lang='lat' dir='ltr'>eam</span> <span class='ocrx_word' id='word_1_158' title='bbox 263 2862 341 2922; x_wconf 87' lang='lat' dir='ltr'>tunc</span> <span class='ocrx_word' id='word_1_159' title='bbox 352 2862 454 2922; x_wconf 87' lang='lat' dir='ltr'>artem</span> <span class='ocrx_word' id='word_1_160' title='bbox 466 2857 644 2922; x_wconf 90' lang='lat' dir='ltr'>ornandam</span> <span class='ocrx_word' id='word_1_161' title='bbox 657 2856 942 2938; x_wconf 87' lang='lat' dir='ltr'>celebrandamque</span> <span class='ocrx_word' id='word_1_162' title='bbox 956 2857 1138 2940; x_wconf 85' lang='lat' dir='ltr'>susceperit,</span> 
     </span>
     <span class='ocr_line' id='line_1_26' title="bbox 182 2944 1139 3028; baseline -0.005 -17"><span class='ocrx_word' id='word_1_163' title='bbox 182 2947 267 3011; x_wconf 90' lang='lat' dir='ltr'>idem</span> <span class='ocrx_word' id='word_1_164' title='bbox 286 2947 324 3011; x_wconf 89' lang='lat' dir='ltr'>de</span> <span class='ocrx_word' id='word_1_165' title='bbox 346 2947 410 3010; x_wconf 89' lang='lat' dir='ltr'>alia</span> <span class='ocrx_word' id='word_1_166' title='bbox 431 2947 588 3028; x_wconf 88' lang='lat' dir='ltr'>dicturus,</span> <span class='ocrx_word' id='word_1_167' title='bbox 612 2945 638 3008; x_wconf 89' lang='lat' dir='ltr'>si</span> <span class='ocrx_word' id='word_1_168' title='bbox 660 2945 723 3007; x_wconf 90' lang='lat' dir='ltr'>alia</span> <span class='ocrx_word' id='word_1_169' title='bbox 746 2944 807 3007; x_wconf 89' lang='lat' dir='ltr'>sibi</span> <span class='ocrx_word' id='word_1_170' title='bbox 828 2944 1010 3008; x_wconf 84' lang='lat' dir='ltr'>extollenda</span> <span class='ocrx_word' id='word_1_171' title='bbox 1035 2949 1070 3008; x_wconf 91' lang='lat' dir='ltr'>et</span> <span class='ocrx_word' id='word_1_172' title='bbox 1094 2967 1139 3007; x_wconf 78' lang='lat' dir='ltr'>er-</span> 
     </span>
     <span class='ocr_line' id='line_1_27' title="bbox 183 3033 1139 3120; baseline -0.004 -22"><span class='ocrx_word' id='word_1_173' title='bbox 183 3037 369 3120; x_wconf 81' lang='lat' dir='ltr'>aggeranda</span> <span class='ocrx_word' id='word_1_174' title='bbox 383 3039 475 3100; x_wconf 85' lang='lat' dir='ltr'>esset.</span> <span class='ocrx_word' id='word_1_175' title='bbox 497 3034 592 3120; x_wconf 74' lang='lat' dir='ltr'>Ergo</span> <span class='ocrx_word' id='word_1_176' title='bbox 616 3038 653 3098; x_wconf 86' lang='lat' dir='ltr'>ut</span> <span class='ocrx_word' id='word_1_177' title='bbox 672 3033 727 3116; x_wconf 92' lang='lat' dir='ltr'>qui</span> <span class='ocrx_word' id='word_1_178' title='bbox 746 3033 926 3097; x_wconf 85' lang='lat' dir='ltr'>comoedias</span> <span class='ocrx_word' id='word_1_179' title='bbox 941 3038 997 3096; x_wconf 89' lang='lat' dir='ltr'>aut</span> <span class='ocrx_word' id='word_1_180' title='bbox 1013 3037 1139 3118; x_wconf 86' lang='lat' dir='ltr'>tragoe-</span> 
     </span>
    </p>
   </div>
   <div class='ocr_carea' id='block_1_5' title="bbox 83 3121 1141 3210">
    <p class='ocr_par' dir='ltr' id='par_1_5' title="bbox 83 3121 1141 3210">
     <span class='ocr_line' id='line_1_28' title="bbox 83 3121 1141 3210; baseline -0.002 -24"><span class='ocrx_word' id='word_1_181' title='bbox 83 3148 87 3153; x_wconf 68' lang='grc'><strong>’</strong></span> <span class='ocrx_word' id='word_1_182' title='bbox 183 3123 252 3187; x_wconf 88' lang='lat' dir='ltr'>dias</span> <span class='ocrx_word' id='word_1_183' title='bbox 274 3128 433 3207; x_wconf 89' lang='lat' dir='ltr'>spectant,</span> <span class='ocrx_word' id='word_1_184' title='bbox 457 3146 530 3188; x_wconf 86' lang='lat' dir='ltr'>curn</span> <span class='ocrx_word' id='word_1_185' title='bbox 550 3121 741 3187; x_wconf 89' lang='lat' dir='ltr'>histrionem</span> <span class='ocrx_word' id='word_1_186' title='bbox 760 3122 899 3210; x_wconf 72' lang='lat' dir='ltr'>aliquem</span> <span class='ocrx_word' id='word_1_187' title='bbox 917 3123 952 3185; x_wconf 90' lang='lat' dir='ltr'>in</span> <span class='ocrx_word' id='word_1_188' title='bbox 970 3121 1141 3205; x_wconf 88' lang='lat' dir='ltr'>proscenio</span> 
     </span>
    </p>
   </div>
   <div class='ocr_carea' id='block_1_6' title="bbox 79 3210 1143 3656">
    <p class='ocr_par' dir='ltr' id='par_1_6' title="bbox 79 3210 1143 3656">
     <span class='ocr_line' id='line_1_29' title="bbox 183 3210 1141 3296; baseline -0.003 -22"><span class='ocrx_word' id='word_1_189' title='bbox 183 3233 262 3275; x_wconf 87' lang='lat' dir='ltr'>auro</span> <span class='ocrx_word' id='word_1_190' title='bbox 277 3233 314 3274; x_wconf 90' lang='lat' dir='ltr'>ac</span> <span class='ocrx_word' id='word_1_191' title='bbox 328 3233 470 3295; x_wconf 86' lang='lat' dir='ltr'>purpura</span> <span class='ocrx_word' id='word_1_192' title='bbox 482 3213 663 3296; x_wconf 82' lang='lat' dir='ltr'>fulgentem</span> <span class='ocrx_word' id='word_1_193' title='bbox 672 3210 821 3293; x_wconf 86' lang='lat' dir='ltr'>viderint,</span> <span class='ocrx_word' id='word_1_194' title='bbox 834 3210 928 3274; x_wconf 87' lang='lat' dir='ltr'>facile</span> <span class='ocrx_word' id='word_1_195' title='bbox 942 3211 1141 3294; x_wconf 81' lang='lat' dir='ltr'>intelligunt,</span> 
     </span>
     <span class='ocr_line' id='line_1_30' title="bbox 182 3298 1141 3382; baseline -0.002 -20"><span class='ocrx_word' id='word_1_196' title='bbox 182 3300 239 3362; x_wconf 90' lang='lat' dir='ltr'>illa</span> <span class='ocrx_word' id='word_1_197' title='bbox 254 3303 444 3364; x_wconf 89' lang='lat' dir='ltr'>ornamenta</span> <span class='ocrx_word' id='word_1_198' title='bbox 462 3300 563 3382; x_wconf 84' lang='lat' dir='ltr'>ipsius</span> <span class='ocrx_word' id='word_1_199' title='bbox 581 3300 713 3382; x_wconf 87' lang='lat' dir='ltr'>propria</span> <span class='ocrx_word' id='word_1_200' title='bbox 726 3320 794 3362; x_wconf 90' lang='lat' dir='ltr'>non</span> <span class='ocrx_word' id='word_1_201' title='bbox 810 3320 893 3382; x_wconf 84' lang='lat' dir='ltr'>esse,</span> <span class='ocrx_word' id='word_1_202' title='bbox 912 3298 967 3362; x_wconf 87' lang='lat' dir='ltr'>sed</span> <span class='ocrx_word' id='word_1_203' title='bbox 985 3299 1141 3379; x_wconf 85' lang='lat' dir='ltr'>futurum,</span> 
     </span>
     <span class='ocr_line' id='line_1_31' title="bbox 182 3386 1141 3471; baseline -0.004 -20"><span class='ocrx_word' id='word_1_204' title='bbox 182 3391 220 3452; x_wconf 90' lang='lat' dir='ltr'>ut</span> <span class='ocrx_word' id='word_1_205' title='bbox 244 3409 344 3471; x_wconf 89' lang='lat' dir='ltr'>aeque</span> <span class='ocrx_word' id='word_1_206' title='bbox 368 3388 431 3452; x_wconf 88' lang='lat' dir='ltr'>illis</span> <span class='ocrx_word' id='word_1_207' title='bbox 453 3387 641 3451; x_wconf 87' lang='lat' dir='ltr'>indueretur</span> <span class='ocrx_word' id='word_1_208' title='bbox 661 3387 796 3471; x_wconf 89' lang='lat' dir='ltr'>quilibet</span> <span class='ocrx_word' id='word_1_209' title='bbox 816 3388 897 3452; x_wconf 84' lang='lat' dir='ltr'>alius</span> <span class='ocrx_word' id='word_1_210' title='bbox 917 3409 933 3451; x_wconf 87' lang='lat' dir='ltr'>c</span> <span class='ocrx_word' id='word_1_211' title='bbox 952 3407 1066 3471; x_wconf 83' lang='lat' dir='ltr'>grege,</span> <span class='ocrx_word' id='word_1_212' title='bbox 1089 3386 1141 3469; x_wconf 91' lang='lat' dir='ltr'>qui</span> 
     </span>
     <span class='ocr_line' id='line_1_32' title="bbox 183 3475 1140 3559; baseline -0.002 -19"><span class='ocrx_word' id='word_1_213' title='bbox 183 3477 224 3540; x_wconf 92' lang='lat' dir='ltr'>ad</span> <span class='ocrx_word' id='word_1_214' title='bbox 246 3480 374 3559; x_wconf 86' lang='lat' dir='ltr'>tempus</span> <span class='ocrx_word' id='word_1_215' title='bbox 398 3497 468 3540; x_wconf 89' lang='lat' dir='ltr'>eam</span> <span class='ocrx_word' id='word_1_216' title='bbox 490 3497 662 3558; x_wconf 88' lang='lat' dir='ltr'>personam</span> <span class='ocrx_word' id='word_1_217' title='bbox 685 3475 869 3539; x_wconf 83' lang='lat' dir='ltr'>sustineret:</span> <span class='ocrx_word' id='word_1_218' title='bbox 898 3475 1036 3558; x_wconf 84' lang='lat' dir='ltr'>ita,-qui</span> <span class='ocrx_word' id='word_1_219' title='bbox 1061 3475 1140 3538; x_wconf 86' lang='lat' dir='ltr'>cius·</span> 
     </span>
     <span class='ocr_line' id='line_1_33' title="bbox 79 3563 1143 3656; baseline -0.002 -28"><span class='ocrx_word' id='word_1_220' title='bbox 79 3645 86 3656; x_wconf 31' lang='lat'>,</span> <span class='ocrx_word' id='word_1_221' title='bbox 182 3565 270 3628; x_wconf 79' lang='lat' dir='ltr'>urodi</span> <span class='ocrx_word' id='word_1_222' title='bbox 294 3565 456 3630; x_wconf 86' lang='lat' dir='ltr'>orationes</span> <span class='ocrx_word' id='word_1_223' title='bbox 476 3563 624 3647; x_wconf 89' lang='lat' dir='ltr'>audiunt,</span> <span class='ocrx_word' id='word_1_224' title='bbox 648 3585 721 3628; x_wconf 90' lang='lat' dir='ltr'>curn</span> <span class='ocrx_word' id='word_1_225' title='bbox 743 3563 828 3627; x_wconf 90' lang='lat' dir='ltr'>hanc</span> <span class='ocrx_word' id='word_1_226' title='bbox 848 3568 905 3628; x_wconf 86' lang='lat' dir='ltr'>aut</span> <span class='ocrx_word' id='word_1_227' title='bbox 926 3563 1014 3628; x_wconf 89' lang='lat' dir='ltr'>illam</span> <span class='ocrx_word' id='word_1_228' title='bbox 1040 3567 1143 3627; x_wconf 85' lang='lat' dir='ltr'>artem</span> 
     </span>
    </p>
   </div>
   <div class='ocr_carea' id='block_1_7' title="bbox 0 0 1190 3940">
    <p class='ocr_par' dir='ltr' id='par_1_7' title="bbox 0 0 1190 3940">
     <span class='ocr_line' id='line_1_34' title="bbox 0 0 1190 3940; baseline 0 0"><span class='ocrx_word' id='word_1_229' title='bbox 0 0 1190 3940; x_wconf 95' lang='lat' dir='ltr'> </span> 
     </span>
    </p>
   </div>
  </div>
 </body>
</html>
