<?xml version="1.0" encoding="UTF-8"?>
<!DOCTYPE html PUBLIC "-//W3C//DTD XHTML 1.0 Transitional//EN"
    "http://www.w3.org/TR/xhtml1/DTD/xhtml1-transitional.dtd">
<html xmlns="http://www.w3.org/1999/xhtml" xml:lang="en" lang="en">
 <head>
  <title>
</title>
<meta http-equiv="Content-Type" content="text/html;charset=utf-8" />
  <meta name='ocr-system' content='tesseract 3.04.00' />
  <meta name='ocr-capabilities' content='ocr_page ocr_carea ocr_par ocr_line ocrx_word'/>
</head>
<body>
  <div class='ocr_page' id='page_1' title='image "./mantoniimuretis00freygoog_0382.png"; bbox 0 0 2368 3956; ppageno 0'>
   <div class='ocr_carea' id='block_1_1' title="bbox 409 234 622 293">
    <p class='ocr_par' dir='ltr' id='par_1_1' title="bbox 409 234 622 293">
     <span class='ocr_line' id='line_1_1' title="bbox 409 234 622 293; baseline 0.014 -3"><span class='ocrx_word' id='word_1_1' title='bbox 409 234 529 291; x_wconf 79' lang='lat' dir='ltr'>CAPUT</span> <span class='ocrx_word' id='word_1_2' title='bbox 548 236 622 293; x_wconf 85' lang='lat' dir='ltr'>XIX.</span> 
     </span>
    </p>
   </div>
   <div class='ocr_carea' id='block_1_2' title="bbox 38 378 995 858">
    <p class='ocr_par' dir='ltr' id='par_1_2' title="bbox 195 378 771 464">
     <span class='ocr_line' id='line_1_2' title="bbox 195 378 771 464; baseline 0.014 -22"><span class='ocrx_word' id='word_1_3' title='bbox 195 378 295 444; x_wconf 84' lang='lat' dir='ltr'>Aetas</span> <span class='ocrx_word' id='word_1_4' title='bbox 310 385 481 462; x_wconf 76' lang='lat' dir='ltr'>pareutum</span> <span class='ocrx_word' id='word_1_5' title='bbox 497 381 587 464; x_wconf 83' lang='lat' dir='ltr'>peior</span> <span class='ocrx_word' id='word_1_6' title='bbox 609 383 677 448; x_wconf 82' lang='lat' dir='ltr'>ocis</span> <span class='ocrx_word' id='word_1_7' title='bbox 699 382 771 450; x_wconf 70' lang='lat' dir='ltr'>coir</span> 
     </span>
    </p>

    <p class='ocr_par' dir='ltr' id='par_1_3' title="bbox 194 467 695 551">
     <span class='ocr_line' id='line_1_3' title="bbox 194 467 695 551; baseline 0.012 -19"><span class='ocrx_word' id='word_1_8' title='bbox 194 467 263 534; x_wconf 85' lang='lat' dir='ltr'>Nos</span> <span class='ocrx_word' id='word_1_9' title='bbox 284 469 451 551; x_wconf 62' lang='lat' dir='ltr'>aequares,</span> <span class='ocrx_word' id='word_1_10' title='bbox 474 491 546 536; x_wconf 79' lang='lat' dir='ltr'>mox</span> <span class='ocrx_word' id='word_1_11' title='bbox 568 473 695 538; x_wconf 74' lang='lat' dir='ltr'>daturos</span> 
     </span>
    </p>

    <p class='ocr_par' dir='ltr' id='par_1_4' title="bbox 38 555 995 858">
     <span class='ocr_line' id='line_1_4' title="bbox 193 555 593 640; baseline 0.013 -20"><span class='ocrx_word' id='word_1_12' title='bbox 193 555 378 640; x_wconf 61' lang='lat' dir='ltr'>Honorum</span> <span class='ocrx_word' id='word_1_13' title='bbox 399 559 593 625; x_wconf 66' lang='lat' dir='ltr'>marsuan.</span> 
     </span>
     <span class='ocr_line' id='line_1_5' title="bbox 38 677 994 763; baseline 0.008 -23"><span class='ocrx_word' id='word_1_14' title='bbox 38 677 187 763; x_wconf 84' lang='lat' dir='ltr'>Princeps</span> <span class='ocrx_word' id='word_1_15' title='bbox 217 683 326 746; x_wconf 87' lang='lat' dir='ltr'>autern</span> <span class='ocrx_word' id='word_1_16' title='bbox 353 679 515 748; x_wconf 87' lang='lat' dir='ltr'>Homerus</span> <span class='ocrx_word' id='word_1_17' title='bbox 542 686 594 749; x_wconf 91' lang='lat' dir='ltr'>tot</span> <span class='ocrx_word' id='word_1_18' title='bbox 621 686 696 748; x_wconf 85' lang='lat' dir='ltr'>ante</span> <span class='ocrx_word' id='word_1_19' title='bbox 729 682 863 750; x_wconf 85' lang='lat' dir='ltr'>saeculis</span> <span class='ocrx_word' id='word_1_20' title='bbox 891 686 994 748; x_wconf 84' lang='lat' dir='ltr'>mate·</span> 
     </span>
     <span class='ocr_line' id='line_1_6' title="bbox 38 767 995 858; baseline 0.008 -30"><span class='ocrx_word' id='word_1_21' title='bbox 38 767 112 829; x_wconf 85' lang='lat' dir='ltr'>riam</span> <span class='ocrx_word' id='word_1_22' title='bbox 136 767 228 834; x_wconf 88' lang='lat' dir='ltr'>hisce</span> <span class='ocrx_word' id='word_1_23' title='bbox 253 771 421 836; x_wconf 75' lang='lat' dir='ltr'>sententiis</span> <span class='ocrx_word' id='word_1_24' title='bbox 451 771 591 858; x_wconf 84' lang='lat' dir='ltr'>dederat,</span> <span class='ocrx_word' id='word_1_25' title='bbox 618 794 692 838; x_wconf 90' lang='lat' dir='ltr'>cum</span> <span class='ocrx_word' id='word_1_26' title='bbox 720 773 995 857; x_wconf 77' lang='lat' dir='ltr'>sapientissimam</span> 
     </span>
    </p>
   </div>
   <div class='ocr_carea' id='block_1_3' title="bbox 39 855 993 946">
    <p class='ocr_par' dir='ltr' id='par_1_5' title="bbox 39 855 993 946">
     <span class='ocr_line' id='line_1_7' title="bbox 39 855 993 946; baseline 0.007 -29"><span class='ocrx_word' id='word_1_27' title='bbox 39 855 124 920; x_wconf 85' lang='lat' dir='ltr'>deam</span> <span class='ocrx_word' id='word_1_28' title='bbox 153 857 390 924; x_wconf 87' lang='lat' dir='ltr'>introduxisset</span> <span class='ocrx_word' id='word_1_29' title='bbox 417 860 584 946; x_wconf 80' lang='lat' dir='ltr'>dicentem,</span> <span class='ocrx_word' id='word_1_30' title='bbox 613 882 733 946; x_wconf 87' lang='lat' dir='ltr'>paucos</span> <span class='ocrx_word' id='word_1_31' title='bbox 756 861 839 926; x_wconf 86' lang='lat' dir='ltr'>filios</span> <span class='ocrx_word' id='word_1_32' title='bbox 862 864 993 946; x_wconf 83' lang='lat' dir='ltr'>patrum</span> 
     </span>
    </p>
   </div>
   <div class='ocr_carea' id='block_1_4' title="bbox 39 944 994 1122">
    <p class='ocr_par' dir='ltr' id='par_1_6' title="bbox 39 944 994 1122">
     <span class='ocr_line' id='line_1_8' title="bbox 39 944 994 1036; baseline 0.008 -30"><span class='ocrx_word' id='word_1_33' title='bbox 39 944 153 1009; x_wconf 87' lang='lat' dir='ltr'>similes</span> <span class='ocrx_word' id='word_1_34' title='bbox 177 946 327 1032; x_wconf 86' lang='lat' dir='ltr'>evadere,</span> <span class='ocrx_word' id='word_1_35' title='bbox 350 947 525 1016; x_wconf 84' lang='lat' dir='ltr'>deteriores</span> <span class='ocrx_word' id='word_1_36' title='bbox 547 950 731 1036; x_wconf 87' lang='lat' dir='ltr'>plerosque,</span> <span class='ocrx_word' id='word_1_37' title='bbox 758 970 878 1034; x_wconf 83' lang='lat' dir='ltr'>paucos</span> <span class='ocrx_word' id='word_1_38' title='bbox 899 970 994 1035; x_wconf 87' lang='lat' dir='ltr'>prae-</span> 
     </span>
     <span class='ocr_line' id='line_1_9' title="bbox 40 1029 260 1122; baseline 0.027 -27"><span class='ocrx_word' id='word_1_39' title='bbox 40 1034 206 1099; x_wconf 82' lang='lat' dir='ltr'>stantiores</span> <span class='ocrx_word' id='word_1_40' title='bbox 221 1029 260 1122; x_wconf 83' lang='grc'>1).</span> 
     </span>
    </p>
   </div>
   <div class='ocr_carea' id='block_1_5' title="bbox 75 1143 994 1337">
    <p class='ocr_par' dir='ltr' id='par_1_7' title="bbox 75 1143 994 1337">
     <span class='ocr_line' id='line_1_10' title="bbox 75 1143 960 1246; baseline 0.006 -25"><span class='ocrx_word' id='word_1_41' title='bbox 75 1157 213 1243; x_wconf 79' lang='grc' dir='ltr'><strong><em>Παῦροι</em></strong></span> <span class='ocrx_word' id='word_1_42' title='bbox 235 1154 301 1244; x_wconf 76' lang='grc' dir='ltr'>γάρ</span> <span class='ocrx_word' id='word_1_43' title='bbox 322 1182 376 1226; x_wconf 83' lang='grc' dir='ltr'>τοι</span> <span class='ocrx_word' id='word_1_44' title='bbox 397 1143 514 1236; x_wconf 68' lang='grc' dir='ltr'><strong><em>παῖδές</em></strong></span> <span class='ocrx_word' id='word_1_45' title='bbox 536 1153 648 1246; x_wconf 75' lang='grc' dir='ltr'>ὁμοῖοι</span> <span class='ocrx_word' id='word_1_46' title='bbox 671 1159 769 1246; x_wconf 75' lang='grc' dir='ltr'><em>πατρὶ</em></span> <span class='ocrx_word' id='word_1_47' title='bbox 791 1159 960 1228; x_wconf 81' lang='grc' dir='ltr'><strong><em>πέλονται·</em></strong></span> 
     </span>
     <span class='ocr_line' id='line_1_11' title="bbox 77 1244 994 1337; baseline 0.007 -28"><span class='ocrx_word' id='word_1_48' title='bbox 77 1246 120 1309; x_wconf 80' lang='grc' dir='ltr'>Οἱ</span> <span class='ocrx_word' id='word_1_49' title='bbox 139 1244 281 1324; x_wconf 71' lang='grc' dir='ltr'><strong><em>πλέονες</em></strong></span> <span class='ocrx_word' id='word_1_50' title='bbox 293 1251 440 1333; x_wconf 76' lang='grc' dir='ltr'><strong><em>κακίους,</em></strong></span> <span class='ocrx_word' id='word_1_51' title='bbox 462 1250 586 1335; x_wconf 71' lang='grc' dir='ltr'><strong><em>παῦροι</em></strong></span> <span class='ocrx_word' id='word_1_52' title='bbox 610 1248 695 1316; x_wconf 69' lang='lat' dir='ltr'>osee</span> <span class='ocrx_word' id='word_1_53' title='bbox 712 1246 837 1336; x_wconf 79' lang='grc' dir='ltr'><strong><em>πατρὸς</em></strong></span> <span class='ocrx_word' id='word_1_54' title='bbox 850 1245 994 1337; x_wconf 77' lang='grc' dir='ltr'><strong><em>ἀρείους.</em></strong></span> 
     </span>
    </p>
   </div>
   <div class='ocr_carea' id='block_1_6' title="bbox 390 1496 646 1565">
    <p class='ocr_par' dir='ltr' id='par_1_8' title="bbox 390 1496 646 1565">
     <span class='ocr_line' id='line_1_12' title="bbox 390 1496 646 1565; baseline 0 -1"><span class='ocrx_word' id='word_1_55' title='bbox 390 1496 535 1564; x_wconf 81' lang='lat' dir='ltr'><strong>CAPUT</strong></span> <span class='ocrx_word' id='word_1_56' title='bbox 558 1497 646 1565; x_wconf 88' lang='lat' dir='ltr'>XIX.</span> 
     </span>
    </p>
   </div>
   <div class='ocr_carea' id='block_1_7' title="bbox 56 1631 1039 1778">
    <p class='ocr_par' dir='ltr' id='par_1_9' title="bbox 56 1631 1039 1778">
     <span class='ocr_line' id='line_1_13' title="bbox 56 1631 1039 1703; baseline 0.003 -15"><span class='ocrx_word' id='word_1_57' title='bbox 56 1633 294 1690; x_wconf 86' lang='lat' dir='ltr'>PROVERBIUM</span> <span class='ocrx_word' id='word_1_58' title='bbox 312 1635 496 1702; x_wconf 80' lang='lat' dir='ltr'><strong>QUODDAM</strong></span> <span class='ocrx_word' id='word_1_59' title='bbox 514 1638 562 1694; x_wconf 92' lang='lat' dir='ltr'>AB</span> <span class='ocrx_word' id='word_1_60' title='bbox 580 1636 664 1692; x_wconf 82' lang='lat' dir='ltr'>ILLO</span> <span class='ocrx_word' id='word_1_61' title='bbox 684 1635 892 1703; x_wconf 79' lang='lat' dir='ltr'>SCRIPTORE,</span> <span class='ocrx_word' id='word_1_62' title='bbox 911 1635 974 1701; x_wconf 82' lang='lat' dir='ltr'>QUI</span> <span class='ocrx_word' id='word_1_63' title='bbox 1037 1631 1039 1636; x_wconf 76' lang='grc'><strong>’</strong></span> 
     </span>
     <span class='ocr_line' id='line_1_14' title="bbox 70 1704 955 1778; baseline 0.006 -21"><span class='ocrx_word' id='word_1_64' title='bbox 70 1704 145 1759; x_wconf 85' lang='lat' dir='ltr'>TAM</span> <span class='ocrx_word' id='word_1_65' title='bbox 163 1707 296 1762; x_wconf 84' lang='lat' dir='ltr'>MULTA</span> <span class='ocrx_word' id='word_1_66' title='bbox 314 1707 403 1764; x_wconf 81' lang='lat' dir='ltr'>ALIA</span> <span class='ocrx_word' id='word_1_67' title='bbox 420 1707 612 1778; x_wconf 77' lang='lat' dir='ltr'>COLLEGIT,</span> <span class='ocrx_word' id='word_1_68' title='bbox 635 1707 955 1763; x_wconf 81' lang='lat' dir='ltr'>PRAETERMISSUM.</span> 
     </span>
    </p>
   </div>
   <div class='ocr_carea' id='block_1_8' title="bbox 44 1849 1009 2912">
    <p class='ocr_par' dir='ltr' id='par_1_10' title="bbox 44 1849 1009 2912">
     <span class='ocr_line' id='line_1_15' title="bbox 117 1849 992 1936; baseline 0.002 -22"><span class='ocrx_word' id='word_1_69' title='bbox 117 1849 246 1915; x_wconf 84' lang='lat' dir='ltr'>Multae</span> <span class='ocrx_word' id='word_1_70' title='bbox 269 1871 307 1917; x_wconf 86' lang='lat' dir='ltr'>ac</span> <span class='ocrx_word' id='word_1_71' title='bbox 328 1851 437 1916; x_wconf 83' lang='lat' dir='ltr'>variae</span> <span class='ocrx_word' id='word_1_72' title='bbox 464 1851 613 1916; x_wconf 90' lang='lat' dir='ltr'>lectionis</span> <span class='ocrx_word' id='word_1_73' title='bbox 639 1851 822 1936; x_wconf 88' lang='lat' dir='ltr'>hominem,</span> <span class='ocrx_word' id='word_1_74' title='bbox 841 1852 896 1936; x_wconf 92' lang='lat' dir='ltr'>qui</span> <span class='ocrx_word' id='word_1_75' title='bbox 925 1873 992 1916; x_wconf 90' lang='lat' dir='ltr'>me·</span> 
     </span>
     <span class='ocr_line' id='line_1_16' title="bbox 45 1938 990 2026; baseline 0.003 -25"><span class='ocrx_word' id='word_1_76' title='bbox 45 1938 134 2004; x_wconf 87' lang='lat' dir='ltr'>moria</span> <span class='ocrx_word' id='word_1_77' title='bbox 157 1943 275 2004; x_wconf 84' lang='lat' dir='ltr'>nostru</span> <span class='ocrx_word' id='word_1_78' title='bbox 298 1961 336 2004; x_wconf 85' lang='lat' dir='ltr'>ex</span> <span class='ocrx_word' id='word_1_79' title='bbox 358 1941 524 2024; x_wconf 89' lang='lat' dir='ltr'>utriusque</span> <span class='ocrx_word' id='word_1_80' title='bbox 546 1940 677 2026; x_wconf 83' lang='lat' dir='ltr'>linguae</span> <span class='ocrx_word' id='word_1_81' title='bbox 696 1940 905 2026; x_wconf 81' lang='lat' dir='ltr'>scriptoribus</span> <span class='ocrx_word' id='word_1_82' title='bbox 918 1944 990 2004; x_wconf 83' lang='lat' dir='ltr'>tan·</span> 
     </span>
     <span class='ocr_line' id='line_1_17' title="bbox 45 2027 992 2116; baseline 0.002 -26"><span class='ocrx_word' id='word_1_83' title='bbox 45 2029 100 2090; x_wconf 82' lang='lat' dir='ltr'>tam</span> <span class='ocrx_word' id='word_1_84' title='bbox 122 2028 192 2092; x_wconf 89' lang='lat' dir='ltr'>vim</span> <span class='ocrx_word' id='word_1_85' title='bbox 216 2027 347 2114; x_wconf 86' lang='lat' dir='ltr'>collegit</span> <span class='ocrx_word' id='word_1_86' title='bbox 368 2029 612 2114; x_wconf 77' lang='lat' dir='ltr'>proverbiorum</span> <span class='ocrx_word' id='word_1_87' title='bbox 626 2027 663 2116; x_wconf 77' lang='lat'>²),</span> <span class='ocrx_word' id='word_1_88' title='bbox 689 2030 800 2115; x_wconf 85' lang='lat' dir='ltr'>fugere</span> <span class='ocrx_word' id='word_1_89' title='bbox 824 2029 992 2114; x_wconf 87' lang='lat' dir='ltr'>quaedam,</span> 
     </span>
     <span class='ocr_line' id='line_1_18' title="bbox 45 2116 989 2203; baseline 0.004 -26"><span class='ocrx_word' id='word_1_90' title='bbox 45 2117 70 2178; x_wconf 88' lang='lat' dir='ltr'>et</span> <span class='ocrx_word' id='word_1_91' title='bbox 89 2116 220 2200; x_wconf 81' lang='lat' dir='ltr'>quidem</span> <span class='ocrx_word' id='word_1_92' title='bbox 252 2117 372 2182; x_wconf 86' lang='lat' dir='ltr'>illustri</span> <span class='ocrx_word' id='word_1_93' title='bbox 393 2119 428 2182; x_wconf 91' lang='lat' dir='ltr'>in</span> <span class='ocrx_word' id='word_1_94' title='bbox 459 2118 587 2202; x_wconf 57' lang='lat' dir='ltr'>primis,</span> <span class='ocrx_word' id='word_1_95' title='bbox 604 2119 675 2184; x_wconf 91' lang='lat' dir='ltr'>loco</span> <span class='ocrx_word' id='word_1_96' title='bbox 704 2119 779 2184; x_wconf 91' lang='lat' dir='ltr'>sita:</span> <span class='ocrx_word' id='word_1_97' title='bbox 813 2118 898 2203; x_wconf 92' lang='lat' dir='ltr'>quod</span> <span class='ocrx_word' id='word_1_98' title='bbox 922 2119 989 2202; x_wconf 94' lang='lat' dir='ltr'>qui-</span> 
     </span>
     <span class='ocr_line' id='line_1_19' title="bbox 46 2203 991 2294; baseline 0.005 -29"><span class='ocrx_word' id='word_1_99' title='bbox 46 2203 105 2268; x_wconf 84' lang='lat' dir='ltr'>lem</span> <span class='ocrx_word' id='word_1_100' title='bbox 137 2205 223 2294; x_wconf 69' lang='lat' dir='ltr'>mibi</span> <span class='ocrx_word' id='word_1_101' title='bbox 249 2228 318 2272; x_wconf 92' lang='lat' dir='ltr'>non</span> <span class='ocrx_word' id='word_1_102' title='bbox 346 2229 514 2292; x_wconf 90' lang='lat' dir='ltr'>nunquam</span> <span class='ocrx_word' id='word_1_103' title='bbox 540 2229 599 2291; x_wconf 89' lang='lat' dir='ltr'>per</span> <span class='ocrx_word' id='word_1_104' title='bbox 624 2207 726 2273; x_wconf 82' lang='lat' dir='ltr'>rideri</span> <span class='ocrx_word' id='word_1_105' title='bbox 753 2207 872 2272; x_wconf 89' lang='lat' dir='ltr'>mirum</span> <span class='ocrx_word' id='word_1_106' title='bbox 900 2207 991 2270; x_wconf 87' lang='lat' dir='ltr'>solet.</span> 
     </span>
     <span class='ocr_line' id='line_1_20' title="bbox 44 2289 992 2380; baseline 0.004 -26"><span class='ocrx_word' id='word_1_107' title='bbox 44 2289 124 2378; x_wconf 86' lang='lat' dir='ltr'>Nam,</span> <span class='ocrx_word' id='word_1_108' title='bbox 153 2295 184 2360; x_wconf 89' lang='lat' dir='ltr'>si</span> <span class='ocrx_word' id='word_1_109' title='bbox 213 2295 335 2360; x_wconf 84' lang='lat' dir='ltr'>omissa</span> <span class='ocrx_word' id='word_1_110' title='bbox 362 2298 478 2380; x_wconf 86' lang='lat' dir='ltr'>essent,</span> <span class='ocrx_word' id='word_1_111' title='bbox 506 2317 587 2380; x_wconf 90' lang='lat' dir='ltr'>quae</span> <span class='ocrx_word' id='word_1_112' title='bbox 614 2298 664 2360; x_wconf 85' lang='lat' dir='ltr'>rel</span> <span class='ocrx_word' id='word_1_113' title='bbox 693 2319 710 2360; x_wconf 95' lang='lat' dir='ltr'>e</span> <span class='ocrx_word' id='word_1_114' title='bbox 737 2295 818 2360; x_wconf 87' lang='lat' dir='ltr'>raris</span> <span class='ocrx_word' id='word_1_115' title='bbox 848 2297 992 2379; x_wconf 84' lang='lat' dir='ltr'>inventu,</span> 
     </span>
     <span class='ocr_line' id='line_1_21' title="bbox 45 2383 1009 2470; baseline 0.005 -28"><span class='ocrx_word' id='word_1_116' title='bbox 45 2383 85 2444; x_wconf 84' lang='lat' dir='ltr'>rel</span> <span class='ocrx_word' id='word_1_117' title='bbox 116 2383 266 2450; x_wconf 90' lang='lat' dir='ltr'>obscuris</span> <span class='ocrx_word' id='word_1_118' title='bbox 298 2387 332 2448; x_wconf 93' lang='lat' dir='ltr'>et</span> <span class='ocrx_word' id='word_1_119' title='bbox 362 2384 560 2470; x_wconf 80' lang='lat' dir='ltr'>ignobilibus</span> <span class='ocrx_word' id='word_1_120' title='bbox 592 2385 683 2449; x_wconf 91' lang='lat' dir='ltr'>libris</span> <span class='ocrx_word' id='word_1_121' title='bbox 718 2385 858 2469; x_wconf 86' lang='lat' dir='ltr'>petenda</span> <span class='ocrx_word' id='word_1_122' title='bbox 890 2387 1009 2468; x_wconf 86' lang='lat' dir='ltr'>erant,¹</span> 
     </span>
     <span class='ocr_line' id='line_1_22' title="bbox 46 2471 992 2558; baseline 0.004 -26"><span class='ocrx_word' id='word_1_123' title='bbox 46 2471 138 2536; x_wconf 88' lang='lat' dir='ltr'>ninus</span> <span class='ocrx_word' id='word_1_124' title='bbox 161 2473 284 2538; x_wconf 89' lang='lat' dir='ltr'>mirum</span> <span class='ocrx_word' id='word_1_125' title='bbox 310 2472 410 2538; x_wconf 87' lang='lat' dir='ltr'>foret:</span> <span class='ocrx_word' id='word_1_126' title='bbox 439 2476 473 2537; x_wconf 85' lang='lat' dir='ltr'>at</span> <span class='ocrx_word' id='word_1_127' title='bbox 502 2495 577 2538; x_wconf 85' lang='lat' dir='ltr'>vero</span> <span class='ocrx_word' id='word_1_128' title='bbox 605 2475 779 2557; x_wconf 80' lang='lat' dir='ltr'>praeterita</span> <span class='ocrx_word' id='word_1_129' title='bbox 802 2495 881 2558; x_wconf 87' lang='lat' dir='ltr'>esse,</span> <span class='ocrx_word' id='word_1_130' title='bbox 909 2494 992 2557; x_wconf 85' lang='lat' dir='ltr'>quae</span> 
     </span>
     <span class='ocr_line' id='line_1_23' title="bbox 46 2560 992 2647; baseline 0.005 -27"><span class='ocrx_word' id='word_1_131' title='bbox 46 2561 71 2620; x_wconf 85' lang='lat' dir='ltr'>et</span> <span class='ocrx_word' id='word_1_132' title='bbox 89 2560 123 2624; x_wconf 94' lang='lat' dir='ltr'>in</span> <span class='ocrx_word' id='word_1_133' title='bbox 145 2565 302 2647; x_wconf 88' lang='lat' dir='ltr'>promptu</span> <span class='ocrx_word' id='word_1_134' title='bbox 319 2562 426 2646; x_wconf 85' lang='lat' dir='ltr'>posita</span> <span class='ocrx_word' id='word_1_135' title='bbox 441 2564 517 2626; x_wconf 88' lang='lat' dir='ltr'>sunt</span> <span class='ocrx_word' id='word_1_136' title='bbox 539 2564 572 2626; x_wconf 89' lang='lat' dir='ltr'>et</span> <span class='ocrx_word' id='word_1_137' title='bbox 593 2562 679 2645; x_wconf 87' lang='lat' dir='ltr'>apud</span> <span class='ocrx_word' id='word_1_138' title='bbox 696 2563 992 2646; x_wconf 81' lang='lat' dir='ltr'>praestantissimos</span> 
     </span>
     <span class='ocr_line' id='line_1_24' title="bbox 47 2651 992 2736; baseline 0.005 -28"><span class='ocrx_word' id='word_1_139' title='bbox 47 2651 184 2715; x_wconf 84' lang='lat' dir='ltr'>auctores</span> <span class='ocrx_word' id='word_1_140' title='bbox 204 2651 369 2736; x_wconf 81' lang='lat' dir='ltr'>leguntur,</span> <span class='ocrx_word' id='word_1_141' title='bbox 390 2651 424 2715; x_wconf 87' lang='lat' dir='ltr'>id</span> <span class='ocrx_word' id='word_1_142' title='bbox 446 2671 521 2715; x_wconf 88' lang='lat' dir='ltr'>vero</span> <span class='ocrx_word' id='word_1_143' title='bbox 535 2651 661 2735; x_wconf 85' lang='lat' dir='ltr'>iustam,</span> <span class='ocrx_word' id='word_1_144' title='bbox 683 2655 721 2716; x_wconf 91' lang='lat' dir='ltr'>ut</span> <span class='ocrx_word' id='word_1_145' title='bbox 744 2651 867 2735; x_wconf 88' lang='lat' dir='ltr'>opinor,</span> <span class='ocrx_word' id='word_1_146' title='bbox 890 2651 992 2714; x_wconf 90' lang='lat' dir='ltr'>admi·</span> 
     </span>
     <span class='ocr_line' id='line_1_25' title="bbox 47 2737 992 2824; baseline 0.005 -27"><span class='ocrx_word' id='word_1_147' title='bbox 47 2737 194 2804; x_wconf 85' lang='lat' dir='ltr'>rationem</span> <span class='ocrx_word' id='word_1_148' title='bbox 223 2739 331 2804; x_wconf 88' lang='lat' dir='ltr'>habet.</span> <span class='ocrx_word' id='word_1_149' title='bbox 375 2737 427 2803; x_wconf 73' lang='lat' dir='ltr'>lox</span> <span class='ocrx_word' id='word_1_150' title='bbox 454 2739 518 2805; x_wconf 91' lang='lat' dir='ltr'>hoc</span> <span class='ocrx_word' id='word_1_151' title='bbox 548 2761 682 2805; x_wconf 90' lang='lat' dir='ltr'>numero</span> <span class='ocrx_word' id='word_1_152' title='bbox 706 2743 768 2823; x_wconf 87' lang='lat' dir='ltr'>est,</span> <span class='ocrx_word' id='word_1_153' title='bbox 796 2738 882 2824; x_wconf 90' lang='lat' dir='ltr'>quod</span> <span class='ocrx_word' id='word_1_154' title='bbox 904 2739 992 2822; x_wconf 89' lang='lat' dir='ltr'>apud</span> 
     </span>
     <span class='ocr_line' id='line_1_26' title="bbox 48 2821 992 2912; baseline 0.003 -24"><span class='ocrx_word' id='word_1_155' title='bbox 48 2821 224 2892; x_wconf 76' lang='lat' dir='ltr'>Ciceronem</span> <span class='ocrx_word' id='word_1_156' title='bbox 246 2827 374 2912; x_wconf 84' lang='lat' dir='ltr'>legitur,</span> <span class='ocrx_word' id='word_1_157' title='bbox 395 2829 553 2910; x_wconf 79' lang='lat' dir='ltr'>furnilium</span> <span class='ocrx_word' id='word_1_158' title='bbox 575 2830 690 2894; x_wconf 80' lang='lat' dir='ltr'>ducere.</span> <span class='ocrx_word' id='word_1_159' title='bbox 734 2825 785 2892; x_wconf 79' lang='lat' dir='ltr'>Eo</span> <span class='ocrx_word' id='word_1_160' title='bbox 808 2827 895 2891; x_wconf 88' lang='lat' dir='ltr'>enim</span> <span class='ocrx_word' id='word_1_161' title='bbox 917 2849 992 2911; x_wconf 85' lang='lat' dir='ltr'>pro-</span> 
     </span>
    </p>
   </div>
   <div class='ocr_carea' id='block_1_9' title="bbox 47 2915 993 3358">
    <p class='ocr_par' dir='ltr' id='par_1_11' title="bbox 47 2915 993 3358">
     <span class='ocr_line' id='line_1_27' title="bbox 47 2915 991 3002; baseline 0.006 -29"><span class='ocrx_word' id='word_1_162' title='bbox 47 2915 143 2981; x_wconf 83' lang='lat' dir='ltr'>uerbio</span> <span class='ocrx_word' id='word_1_163' title='bbox 157 2917 257 2982; x_wconf 89' lang='lat' dir='ltr'>bomo</span> <span class='ocrx_word' id='word_1_164' title='bbox 273 2917 553 3001; x_wconf 89' lang='lat' dir='ltr'>eloquentissimus</span> <span class='ocrx_word' id='word_1_165' title='bbox 567 2919 678 3002; x_wconf 86' lang='lat' dir='ltr'>utitur,</span> <span class='ocrx_word' id='word_1_166' title='bbox 697 2939 769 2982; x_wconf 94' lang='lat' dir='ltr'>cum</span> <span class='ocrx_word' id='word_1_167' title='bbox 783 2917 991 3000; x_wconf 86' lang='lat' dir='ltr'>praecipuum</span> 
     </span>
     <span class='ocr_line' id='line_1_28' title="bbox 49 3002 991 3091; baseline 0.006 -29"><span class='ocrx_word' id='word_1_168' title='bbox 49 3002 157 3086; x_wconf 82' lang='lat' dir='ltr'>aliquid</span> <span class='ocrx_word' id='word_1_169' title='bbox 181 3005 352 3090; x_wconf 82' lang='lat' dir='ltr'>significat,</span> <span class='ocrx_word' id='word_1_170' title='bbox 375 3006 522 3090; x_wconf 91' lang='lat' dir='ltr'>quodque</span> <span class='ocrx_word' id='word_1_171' title='bbox 536 3007 715 3091; x_wconf 91' lang='lat' dir='ltr'>prinoipem</span> <span class='ocrx_word' id='word_1_172' title='bbox 737 3007 772 3070; x_wconf 92' lang='lat' dir='ltr'>in</span> <span class='ocrx_word' id='word_1_173' title='bbox 790 3028 824 3070; x_wconf 90' lang='lat' dir='ltr'>re</span> <span class='ocrx_word' id='word_1_174' title='bbox 839 3005 991 3090; x_wconf 86' lang='lat' dir='ltr'>quapiam</span> 
     </span>
     <span class='ocr_line' id='line_1_29' title="bbox 49 3090 993 3180; baseline 0.008 -28"><span class='ocrx_word' id='word_1_175' title='bbox 49 3090 182 3158; x_wconf 84' lang='lat' dir='ltr'>obtineat</span> <span class='ocrx_word' id='word_1_176' title='bbox 204 3096 321 3159; x_wconf 90' lang='lat' dir='ltr'>locum.</span> <span class='ocrx_word' id='word_1_177' title='bbox 365 3093 429 3158; x_wconf 88' lang='lat' dir='ltr'>Ter</span> <span class='ocrx_word' id='word_1_178' title='bbox 451 3098 558 3158; x_wconf 86' lang='lat' dir='ltr'>autem</span> <span class='ocrx_word' id='word_1_179' title='bbox 581 3095 688 3160; x_wconf 88' lang='lat' dir='ltr'>idme</span> <span class='ocrx_word' id='word_1_180' title='bbox 715 3096 821 3180; x_wconf 80' lang='lat' dir='ltr'>legere</span> <span class='ocrx_word' id='word_1_181' title='bbox 849 3095 993 3160; x_wconf 83' lang='lat' dir='ltr'>memini.</span> 
     </span>
     <span class='ocr_line' id='line_1_30' title="bbox 49 3175 991 3269; baseline 0.011 -30"><span class='ocrx_word' id='word_1_182' title='bbox 49 3175 181 3246; x_wconf 88' lang='lat' dir='ltr'>Primum</span> <span class='ocrx_word' id='word_1_183' title='bbox 216 3183 251 3246; x_wconf 93' lang='lat' dir='ltr'>in</span> <span class='ocrx_word' id='word_1_184' title='bbox 285 3182 436 3266; x_wconf 82' lang='lat' dir='ltr'>epistola,</span> <span class='ocrx_word' id='word_1_185' title='bbox 473 3205 537 3269; x_wconf 88' lang='lat' dir='ltr'>qua</span> <span class='ocrx_word' id='word_1_186' title='bbox 569 3182 602 3250; x_wconf 78' lang='grc' dir='ltr'>Ο.</span> <span class='ocrx_word' id='word_1_187' title='bbox 640 3183 827 3248; x_wconf 79' lang='lat' dir='ltr'>Trebatium</span> <span class='ocrx_word' id='word_1_188' title='bbox 859 3182 991 3248; x_wconf 78' lang='lat' dir='ltr'>Testem</span> 
     </span>
     <span class='ocr_line' id='line_1_31' title="bbox 51 3267 992 3358; baseline 0.009 -28"><span class='ocrx_word' id='word_1_189' title='bbox 51 3269 242 3334; x_wconf 85' lang='lat' dir='ltr'>commendat</span> <span class='ocrx_word' id='word_1_190' title='bbox 265 3268 395 3337; x_wconf 78' lang='lat' dir='ltr'>Caesari</span> <span class='ocrx_word' id='word_1_191' title='bbox 408 3267 446 3358; x_wconf 72' lang='grc'>8).</span> <span class='ocrx_word' id='word_1_192' title='bbox 489 3270 576 3337; x_wconf 82' lang='lat' dir='ltr'>Num</span> <span class='ocrx_word' id='word_1_193' title='bbox 598 3293 672 3338; x_wconf 92' lang='lat' dir='ltr'>cum</span> <span class='ocrx_word' id='word_1_194' title='bbox 694 3293 767 3338; x_wconf 89' lang='lat' dir='ltr'>eum</span> <span class='ocrx_word' id='word_1_195' title='bbox 789 3272 900 3338; x_wconf 82' lang='lat' dir='ltr'>multis</span> <span class='ocrx_word' id='word_1_196' title='bbox 923 3273 992 3338; x_wconf 86' lang='lat' dir='ltr'>lau·</span> 
     </span>
    </p>
   </div>
   <div class='ocr_carea' id='block_1_10' title="bbox 113 3443 336 3512">
    <p class='ocr_par' dir='ltr' id='par_1_12' title="bbox 113 3443 336 3512">
     <span class='ocr_line' id='line_1_32' title="bbox 113 3443 336 3512; baseline 0.013 -13"><span class='ocrx_word' id='word_1_197' title='bbox 113 3443 131 3512; x_wconf 86' lang='lat'>¹)</span> <span class='ocrx_word' id='word_1_198' title='bbox 150 3443 199 3502; x_wconf 83' lang='lat' dir='ltr'>Od.</span> <span class='ocrx_word' id='word_1_199' title='bbox 219 3447 254 3501; x_wconf 84' lang='grc' dir='ltr'>Π.</span> <span class='ocrx_word' id='word_1_200' title='bbox 275 3451 336 3502; x_wconf 79' lang='lat' dir='ltr'>ere.</span> 
     </span>
    </p>
   </div>
   <div class='ocr_carea' id='block_1_11' title="bbox 113 3513 574 3654">
    <p class='ocr_par' dir='ltr' id='par_1_13' title="bbox 113 3513 574 3654">
     <span class='ocr_line' id='line_1_33' title="bbox 113 3513 574 3586; baseline 0.017 -19"><span class='ocrx_word' id='word_1_201' title='bbox 113 3513 132 3582; x_wconf 78' lang='lat'>²)</span> <span class='ocrx_word' id='word_1_202' title='bbox 151 3515 323 3572; x_wconf 84' lang='lat' dir='ltr'>Desiderium</span> <span class='ocrx_word' id='word_1_203' title='bbox 337 3516 406 3572; x_wconf 86' lang='lat' dir='ltr'>dicit</span> <span class='ocrx_word' id='word_1_204' title='bbox 418 3517 574 3586; x_wconf 78' lang='lat' dir='ltr'>Erasmum.</span> 
     </span>
     <span class='ocr_line' id='line_1_34' title="bbox 113 3583 393 3654; baseline 0.018 -14"><span class='ocrx_word' id='word_1_205' title='bbox 113 3583 132 3654; x_wconf 82' lang='lat'>³)</span> <span class='ocrx_word' id='word_1_206' title='bbox 149 3585 225 3644; x_wconf 77' lang='lat' dir='ltr'>Tum,</span> <span class='ocrx_word' id='word_1_207' title='bbox 243 3588 304 3644; x_wconf 88' lang='lat' dir='ltr'>VH.</span> <span class='ocrx_word' id='word_1_208' title='bbox 324 3594 349 3644; x_wconf 88' lang='lat'>5.</span> <span class='ocrx_word' id='word_1_209' title='bbox 367 3594 393 3645; x_wconf 83' lang='grc'>3.</span> 
     </span>
    </p>
   </div>
   <div class='ocr_carea' id='block_1_12' title="bbox 0 0 1203 3956">
    <p class='ocr_par' dir='ltr' id='par_1_14' title="bbox 0 0 1203 3956">
     <span class='ocr_line' id='line_1_35' title="bbox 0 0 1203 3956; baseline 0 0"><span class='ocrx_word' id='word_1_210' title='bbox 0 0 1203 3956; x_wconf 95' lang='lat' dir='ltr'> </span> 
     </span>
    </p>
   </div>
  </div>
 </body>
</html>
