2360 3944
408 177 543 234 onemo
562 181 582 233 1.
956 182 977 246 9

55 319 159 382 nodum
172 319 261 385 bellis
276 321 460 388 interfuisse
474 345 557 388 nnus
571 325 720 408 idemque
735 326 843 409 possit
863 324 979 408 Itaque

55 408 94 489 qui
113 429 203 471 unum
226 409 402 475 alterumve
426 416 625 496 spectarunt,
652 414 734 478 mult
720 417 790 478 tum
813 413 874 478 sibi
896 415 977 478 mili-

54 496 113 557 taris
136 497 320 578 prudentiae
332 499 514 599 collegisse
543 500 895 577 existimantur.de
923 524 978 566 eos

12 653 14 672 ,
54 583 248 683 iudicabimus
284 586 340 669 qui
366 587 428 651 hoc
456 588 517 652 sibi
544 589 696 656 diuturna
722 590 878 654 librorum
905 609 977 654 evo·

53 672 149 734 lotione
169 679 376 774 pepererunt,
398 679 435 739 ut
457 677 606 740 omnibus
611 681 802 760 ,quotquot
824 681 899 760 post
920 678 977 742 ho·

12 803 13 808 1
53 759 150 823 ninum
169 762 358 826 memoriam
360 766 472 864 gesta
494 768 583 864 sunt,
611 727 704 830 bellis
727 765 963 830 interfuisse
933 788 978 830 ιι-

53 847 182 912 deantur?
219 848 312 925 Quod
341 852 369 915 si
396 851 506 935 quisi
495 852 542 916 ita
507 815 653 917 tbella
684 854 809 936 aliquot
835 857 978 936 spectare

12 953 13 956 ’
53 941 148 1020 posset,
172 940 398 1023 ututriusque
407 940 522 1040 'partis
545 942 679 1005 consilia
707 945 844 1024 ιιιιιιιι,
871 963 978 1006 rerum

12 1047 13 1076 ι
54 987 352 1091 administrandarum
383 1028 468 1096 viam
504 1029 725 1113 rationemque
762 1034 979 1114 cognosceret,

12 1107 13 1186 Ϊ
54 1116 158 1176 ιιιιιιι
180 1115 289 1180 animo
313 1119 470 1200 cerneret,
496 1117 572 1199 quid
595 1139 662 1182 non
685 1117 714 1181 ei
736 1117 881 1200 postea
872 1140 908 1181 ιιι
929 1139 978 1181 ιι-

12 1205 14 1272 ζ
53 1199 95 1262 ιιι
110 1201 221 1266 bellicis
241 1204 388 1268 omnium
406 1225 564 1270 consensu
582 1205 798 1270 tribueretur?
834 1205 880 1270 At
898 1205 979 1270 haec

12 1323 13 1352 ι
54 1289 136 1352 onnia
141 1291 224 1373 ,qui
243 1295 376 1356 versant
377 1315 415 1357 ur
432 1293 468 1356 in
486 1293 602 1358 litteris
609 1293 766 1377 ,aliaque
784 1294 923 1377 plurima
941 1315 979 1358 ac

52 1340 215 1456 pdceriima
238 1380 337 1444 otiosi
360 1401 397 1445 ac
420 1381 532 1446 sedent
518 1385 566 1444 tes
584 1385 832 1465 consequuntur.
864 1381 979 1464 Taceo,

12 1361 66 1552 ΙΙ
53 1483 135 1564 quam
139 1451 237 1532 multe
252 1490 404 1552 expressa
422 1469 488 1534 sint
505 1469 794 1534 eruditissimorum
811 1433 980 1534 hominuni

12 1543 14 1628 ι
54 1552 127 1635 script
127 1553 151 1616 is
178 1555 217 1620 de
244 1557 379 1640 virtute,
408 1555 445 1620 de
474 1557 591 1641 gloria,
618 1557 657 1622 de
685 1558 817 1622 caritate
845 1557 979 1641 patriae,

12 1667 15 1814 q
54 1637 80 1699 de
68 1642 273 1708 eanimurum
302 1645 505 1728 aeternitate,
532 1645 571 1710 de
598 1645 763 1729 praemiis,
795 1667 876 1746 quae
904 1650 979 1728 post

54 1732 159 1794 nortem
180 1735 317 1797 manent
340 1754 406 1816 eos,
430 1733 486 1816 qui
508 1755 542 1798 se
564 1755 623 1817 pro
646 1734 752 1834 patria
775 1734 918 1798 animose
941 1755 979 1798 ac

12 1813 151 1881 fortiter
184 1821 361 1920 gesserint,
397 1843 478 1904 quae
514 1825 641 1886 tantam
672 1823 738 1886 vim
768 1821 903 1904 habent,
939 1827 978 1886 ut

55 1921 81 1964 ιι
83 1925 130 1986 que
83 1908 197 1990 qqui
216 1931 257 1974 ea
278 1909 443 1994 ignorent,
465 1930 558 1974 verae
580 1909 684 1974 laudis
705 1910 824 1974 habere
839 1872 979 1994 gus'tum,

54 2009 129 2072 neque
149 1997 202 2078 qui
223 2001 312 2060 tract
299 2001 382 2080 tent,
408 2018 502 2061 verae
530 2019 568 2061 ac
591 1997 712 2062 solidae
735 1997 857 2080 gloriae
879 1997 979 2060 ullam

56 2080 154 2146 omnino
176 2105 247 2148 rem
271 2085 430 2150 anteferre
452 2085 587 2169 possint.
615 2084 698 2159 Quid
720 2083 822 2148 illud?
846 2105 890 2148 an
911 2106 980 2148 non

55 2170 182 2246 quantivis
196 2177 263 2256 est,
282 2173 368 2256 quod
387 2194 481 2257 saepe
499 2173 674 2237 labantes
665 2194 731 2236 ram
744 2193 782 2236 ac
795 2171 980 2236 deficientes

54 2257 177 2322 exercitus
195 2261 419 2345 eloquentium
441 2259 609 2326 hominum
627 2281 706 2326 voce
723 2261 861 2345 legimns
879 2260 979 2324 fuisse

13 2341 139 2409 ιιιιοιι
139 2347 209 2412 tos?
244 2347 407 2413 Oiteturt
393 2349 485 2413 testis
508 2348 835 2414 Lacedaemoniorum
858 2349 980 2432 civitas,

13 2401 62 2488 le
53 2430 118 2496 euius
138 2437 294 2501 exercitus
313 2436 443 2520 Tyrtaei
465 2441 580 2519 poetae
597 2437 742 2502 versibus
761 2435 941 2500 inflammat
926 2439 980 2501 tus

13 2481 16 2586 l
52 2518 249 2596 pulcerrimum
279 2525 371 2588 illam
401 2525 440 2589 de
473 2523 641 2590 Messeniis
672 2524 840 2590 victoriam
871 2546 980 2607 repor-

13 2587 61 2664 Ιι
52 2608 118 2673 tavit.
156 2611 236 2677 Dies
263 2635 315 2678 me
343 2613 480 2695 deficiet,
512 2613 539 2676 si
571 2616 628 2676 aut
655 2611 796 2678 eruditos
823 2612 979 2697 homines,

13 2649 16 2756 Ι
52 2695 90 2773 qui
111 2697 229 2764 bellicis
257 2701 408 2766 laudibus
434 2701 677 2785 praestiterunt,
704 2704 761 2764 aut
786 2700 979 2765 fortissimos

51 2712 248 2872 inperaures,
271 2789 327 2872 qui
350 2788 537 2854 eruditionis
561 2793 594 2854 et
616 2789 781 2853 doctrinae
805 2788 909 2872 gloria
928 2811 979 2852 ex-

52 2869 213 2960 celluerunt,
233 2897 421 2942 enumerare
439 2876 615 2942 instituam.
646 2875 732 2941 Nam
751 2879 784 2940 ιι
801 2875 980 2976 Archytam

52 2928 273 3050 larentinuin*)
298 2965 400 3030 sexies
419 2965 536 3030 exercit
537 2987 592 3030 um
611 2965 738 3029 duxisse
757 2964 980 3047 comperimus,

51 3049 72 3105 ιι
96 3046 255 3116 Melissum
285 3053 457 3120 navalibus
489 3054 612 3137 aliquot
643 3052 785 3117 victoriis
817 3051 979 3135 insignem

50 3129 138 3222 luisse,
163 3145 196 3205 et
218 3144 269 3204 ter
293 3141 454 3224 stipendia
475 3141 589 3206 fecisse
613 3139 793 3222 Socratem,
816 3142 849 3203 et
870 3138 979 3205 Plato-

51 3237 104 3284 nen
130 3189 162 3290 ⁷et
190 3227 447 3312 Xenophontem
478 3229 642 3314 egregiam
672 3228 707 3292 in
738 3190 823 3293 bello
856 3227 978 3295 civibus

51 3433 196 3556 luileH²⁶⁰
213 3437 344 3493 exempla
362 3438 456 3492 sumta
474 3440 539 3493 eunt
557 3454 591 3491 ex
610 3438 726 3492 Aeliano
744 3437 777 3492 V.
797 3438 831 3492 H.
850 3437 910 3490 VII.
936 3443 977 3489 14.
