2328 3956
341 206 521 262 EPISTOLA
539 206 651 262 LXXV.
910 205 972 272 105

37 349 228 416 admiratione
259 355 389 418 tuarum
422 353 635 438 singularium
665 353 701 416 in
733 351 823 418 omni
855 371 971 437 genere

36 438 185 504 virtutum:
209 440 327 525 quibus
349 441 396 506 ita
418 441 488 525 tibi,
511 441 587 506 dum
609 442 645 506 in
658 441 736 505 urbe
759 443 904 506 versatus
928 463 971 525 es,

35 528 159 592 omnium
173 530 357 595 voluntates
382 531 561 596 conciliasti
576 552 612 595 ac
627 530 807 614 devinxisti,
825 533 862 594 ut
875 529 970 594 hodie

35 637 151 701 quoque,
174 618 308 682 absente
330 622 373 698 te,
395 641 467 684 oum
491 620 662 686 solutiores
684 618 815 704 linguae
838 622 871 682 et
892 619 970 684 libe·

35 703 102 769 riora
123 705 243 771 iudicia
264 729 334 772 esse
358 709 476 794 solent,
503 729 599 774 nemo
627 711 738 772 tamen
760 708 854 772 aliter
877 707 915 772 de
938 710 970 772 te

34 815 113 876 quam
136 794 176 859 de
198 796 340 880 perfecto
360 797 500 880 quodam
522 801 555 862 et
577 797 727 862 omnibus
750 795 892 860 numeris
916 797 970 860 ab·

33 883 121 949 soluto
149 884 278 950 virtutis
311 887 456 970 exemplo
489 887 648 970 loquatur.
698 883 749 950 Ex
781 907 844 970 quo
876 884 970 950 facile

33 975 106 1052 potes
129 973 323 1060 intelligere,
350 977 549 1060 quantopere
576 975 656 1040 mihi
684 974 804 1040 detali
831 976 969 1058 patrono

32 1061 220 1143 gloriandum
235 1063 285 1148 sit,
308 1067 492 1149 quantaque
514 1065 550 1128 in
562 1067 655 1149 parte
673 1063 837 1128 felicitatis
851 1083 970 1147 ponere

32 1147 159 1235 debeam,
181 1152 268 1236 quod
289 1174 356 1218 non
377 1157 506 1218 tantum
528 1153 564 1218 in
586 1151 756 1218 clientibus
778 1155 837 1216 tua
858 1153 969 1216 volun·

31 1241 83 1302 tate
104 1261 263 1325 numeret,
287 1241 342 1306 sed
366 1242 463 1307 etiam
486 1242 576 1307 nullo
595 1242 711 1307 merito
734 1261 806 1306 meo
830 1240 916 1324 apud
938 1244 970 1304 te

32 1327 124 1412 aliquo
146 1329 182 1393 in
205 1330 309 1413 pretio
331 1331 461 1395 habear.
497 1330 666 1416 Equidem,
689 1333 846 1415 quantum
868 1330 903 1392 in
919 1351 971 1392 me

32 1417 86 1500 erit,
112 1417 202 1482 omni
229 1419 335 1484 studio
352 1420 516 1500 ,connitur
547 1419 684 1497 efficere,
715 1421 753 1482 ut
785 1439 971 1483 conservem

31 1507 105 1568 tuam
131 1506 228 1570 istam
257 1528 334 1593 erga
360 1530 412 1572 me
443 1508 543 1573 animi
574 1506 836 1593 propensionem,
867 1527 970 1590 neque

32 1595 192 1678 quidquam
217 1595 323 1661 habeo
350 1597 528 1682 antiquius,
556 1619 653 1682 quam
680 1599 718 1660 ur
744 1597 905 1680 praestem
933 1615 971 1658 ea

32 1684 137 1768 omnia,
170 1706 252 1770 quae
278 1686 340 1750 tibi
371 1707 410 1750 ex
440 1707 492 1750 me
524 1707 592 1751 non
622 1685 798 1750 iniucunda
830 1683 970 1748 accidere

30 1792 111 1852 posse
126 1773 317 1838 arbitrabor.
352 1774 401 1839 Ac
424 1775 578 1860 quoniam
600 1774 641 1838 ab
663 1773 795 1838 homine
822 1773 857 1836 in
879 1773 970 1836 libris

30 1880 60 1923 ac
82 1861 231 1926 litterulis
259 1861 368 1927 abdito
395 1864 448 1928 vix
476 1863 563 1930 aliud
590 1863 768 1946 exspectari
796 1861 971 1946 quidquam

31 1952 131 2028 potest,
154 1951 284 2014 mittam
312 1951 352 2015 ad
378 1955 411 2016 te
433 1951 540 2017 foetus
569 1951 724 2036 quosdam
747 1949 871 2035 ingenii
898 1949 971 2032 mei,

30 2057 84 2100 non
104 2039 178 2103 illos
202 2039 331 2124 quidem
359 2040 450 2106 valde
474 2041 590 2126 dignos
619 2041 673 2125 qui
702 2062 721 2104 a
743 2043 776 2104 te
799 2037 971 2121 inspician-

31 2130 81 2210 tur,
101 2127 158 2192 sed
181 2130 292 2192 tamen
314 2149 382 2194 non
403 2149 633 2215 usquequaque
655 2129 728 2208 tibi,
756 2130 794 2194 ut
817 2147 890 2210 spes
914 2130 972 2210 est,

30 2213 162 2299 ingratos
184 2216 324 2301 futuros,
352 2217 438 2303 quod
465 2218 506 2283 ab
528 2217 659 2283 homine
686 2217 735 2282 tui
759 2214 971 2281 observantis-

32 2302 99 2368 simo
120 2303 373 2388 proficiscentur.
417 2304 548 2372 Mittam
570 2307 683 2391 igitur,
711 2306 738 2371 si
760 2305 849 2370 Deus
876 2303 972 2388 volet,

31 2396 94 2456 ante
123 2393 223 2458 finem
253 2395 374 2460 mensis
404 2395 548 2460 Ianuarii
579 2396 679 2461 libros
711 2394 792 2460 duos
822 2391 971 2457 Rhetori-

31 2500 128 2547 corum
149 2482 334 2548 Aristotelis
358 2505 377 2548 a
399 2506 451 2548 me
479 2505 651 2550 conversos
678 2484 713 2548 in
743 2483 881 2569 gratiam
903 2481 972 2564 pio-

31 2589 90 2633 rum
112 2571 313 2655 quorundam
340 2575 374 2637 et
395 2571 593 2638 eruditorum
618 2573 788 2638 hominum
815 2593 833 2635 e
856 2569 972 2636 sodali-

30 2661 86 2722 tate
106 2659 194 2744 Iesu,
222 2661 278 2745 qui
299 2683 359 2744 pro
383 2663 583 2746 auctoritate,
607 2683 671 2747 qua
693 2661 868 2745 plurimum
886 2658 973 2740 apud

31 2767 73 2809 me
84 2749 200 2832 valent,
223 2753 359 2834 egerunt
381 2771 515 2835 mecum,
537 2752 574 2814 ut
591 2750 624 2814 id
638 2770 754 2813 munus
770 2747 973 2830 susciperem,

32 2835 104 2917 quod
124 2837 437 2923 interpretationem,
467 2839 588 2925 quain
611 2837 728 2903 scholis
757 2837 823 2901 suis
846 2838 972 2899 uteren-

30 2925 81 3008 tur,
100 2925 239 3010 reperire
263 2948 297 2991 se
310 2927 410 2991 ullam
423 2931 590 3013 negarent
625 2925 698 2991 Hoc
711 2926 811 3011 igItur
823 2923 972 3009 primum.

32 3008 86 3077 Sub
106 3015 204 3079 finem
228 3018 336 3080 autem
358 3016 479 3080 mensis
491 3015 615 3100 Aprilis
639 3035 732 3100 spero
754 3015 878 3080 forent
899 3011 972 3075 mit·

32 3101 85 3165 tam
111 3123 210 3188 opera
242 3105 364 3188 omnia,
396 3126 478 3191 quae
509 3105 639 3191 quidem
669 3105 794 3188 extant,
826 3099 974 3187 Senecae,

33 3193 188 3257 emendata
210 3214 295 3256 ame
317 3193 605 3258 innumerabilibus
628 3194 716 3277 locis,
740 3192 857 3258 additis
876 3191 975 3254 etiam

31 3280 102 3344 notis
126 3281 320 3367 quibusdam
343 3283 431 3346 meis.
476 3281 562 3347 Eum
584 3303 659 3347 vero
682 3283 801 3347 librum
825 3301 918 3364 spero
942 3283 975 3342 et

31 3365 131 3434 tibist
153 3389 274 3454 magno
298 3367 497 3436 Cancellario
525 3373 654 3435 atvero
684 3371 747 3454 ipsi
770 3367 974 3434 serenissimo

29 3449 99 3540 Regi
125 3479 163 3523 ac
190 3455 332 3524 Domino
359 3479 431 3524 meo
464 3459 598 3544 dignum
629 3459 733 3522 visum
762 3457 816 3540 iri,
848 3457 883 3520 in
910 3475 973 3539 quo

29 3543 168 3612 subsicivi
194 3547 350 3631 temporis
377 3547 499 3633 aliquid
527 3548 707 3612 collocetur.
763 3542 855 3621 Quod
883 3542 911 3606 si
937 3545 973 3604 tu
