2360 3944
391 261 526 316 ORATIO
544 263 578 316 Il.
924 264 965 327 13

51 404 138 468 habere
158 405 301 488 debebat,
329 409 379 490 ut,
406 407 434 470 si
455 406 636 471 hebetiores
660 429 714 472 eos
737 412 855 472 natura
878 409 964 472 stoli-

11 515 12 568 q
51 493 181 575 doresque
198 493 356 577 finxisset,
377 516 473 578 quarn
491 498 529 558 ut
545 495 710 578 pervidere
729 496 845 560 harum
858 518 966 560 rerum

11 569 13 662 l
49 569 242 662 praestantiam
272 587 420 666 possent,
450 583 535 666 quod
562 587 671 647 tamem
699 588 819 668 vestro,
851 585 965 648 talium

11 691 13 734 l
49 668 157 732 virorum
177 669 292 734 iudicio
315 671 488 753 probatum
510 672 607 755 foret,
635 691 790 756 magnum
817 693 885 736 esse
909 673 965 736 ali-

11 739 13 826 l
49 756 102 838 quid
121 777 153 820 ae
172 760 372 842 praeclarum
395 759 641 843 suspicarentur.

11 841 13 890 l
94 843 145 908 Sed
166 847 316 928 quoniam
340 868 412 911 curn
435 848 487 930 iis,
516 848 570 930 qui
594 849 785 912 auctoritate
809 871 876 912 non
899 870 966 913 mo·

11 899 13 1024 i
49 935 145 1014 rentur,
176 935 357 1000 rationibus
394 937 555 1020 agendum
591 939 654 1020 est,
695 937 804 1000 adeste
841 937 966 1020 animis,

48 1020 155 1103 mihique
179 1022 320 1086 breviter
346 1024 540 1108 ostendenti,
568 1046 664 1107 quam
690 1025 780 1088 varia
807 1045 966 1108 quamque

11 1079 13 1184 i
48 1109 179 1192 multiplex
210 1112 349 1176 eruditio
380 1111 562 1195 requiratur
593 1113 629 1175 in
660 1112 713 1195 iis,
750 1113 804 1196 qui
840 1113 965 1176 litteras

11 1203 13 1346 q
47 1195 215 1262 humaniores
244 1200 375 1283 docent,
408 1201 580 1284 eademque
614 1221 724 1284 opera,
757 1204 895 1284 quantos
928 1222 967 1264 ex

11 1347 13 1354 ,
48 1303 129 1347 eorum
144 1287 286 1351 navitate
309 1292 404 1371 atque
427 1288 586 1352 industria
608 1288 789 1372 respublica
811 1289 967 1372 pereipiat

11 1357 13 1452 ξ
47 1370 147 1457 fruetus,
158 1396 224 1438 non
237 1397 333 1439 aures
346 1376 452 1459 modo,
467 1377 522 1440 sed
536 1379 660 1440 mentes
675 1397 801 1459 quoque
817 1379 967 1458 attentas,

11 1487 13 1550 q
48 1479 148 1544 quaeso,
167 1464 345 1548 paullisper
367 1465 525 1528 adhibete.

11 1551 13 1608 l
91 1547 184 1633 mque
211 1552 308 1635 adeo,
339 1556 376 1617 ut
404 1553 485 1616 haee
511 1555 582 1616 tota
609 1553 827 1617 controversia
853 1554 966 1616 melius

11 1615 13 1694 i
48 1633 214 1732 diiudicetur,
235 1661 353 1724 operae
376 1641 516 1724 pretium
535 1644 596 1723 est,
618 1641 725 1724 initio,
748 1661 907 1724 quaenam
926 1641 968 1703 sit

11 1731 13 1790 ἰ
48 1726 148 1790 uturum
156 1731 416 1811 contemptorum
424 1729 635 1793 humanitatis
646 1729 758 1813 oratio,
766 1749 966 1814 cognoscere.

49 1809 89 1883 Qui
100 1817 237 1896 quoniam
256 1837 325 1900 eos,
344 1817 399 1900 qui
412 1817 508 1880 hasce
522 1817 647 1880 litteras
664 1821 820 1900 tractant,
839 1817 879 1880 ad
897 1818 966 1880 nul·

11 1875 13 2022 ,
48 1897 94 1962 lum
107 1901 164 1968 fere
180 1905 316 1968 maioris
330 1905 486 1969 momenti
504 1905 672 1990 negotium
690 1905 836 1968 adhiberi
849 1905 967 1986 vident,

48 2007 95 2050 mom
115 1991 148 2054 ad
173 1992 364 2056 iudicandas
392 1993 478 2078 lites,
504 2015 573 2057 non
600 1992 641 2056 ad
664 1993 806 2077 agendas
830 2013 968 2074 caussas,

49 2094 97 2137 mom
113 2079 144 2142 ad
165 2079 337 2144 dicendam
357 2081 396 2144 de
418 2081 513 2145 rebus
537 2081 739 2166 grarioribus
762 2080 968 2144 sententiam:

47 2162 114 2228 facile
139 2168 171 2230 im
200 2191 275 2232 eam
309 2169 494 2253 opinionem
524 2169 750 2252 prolabuntur,
781 2172 819 2232 ut
850 2169 890 2232 ab
923 2167 968 2231 eis

47 2255 142 2331 praeter
156 2257 300 2339 poeticas
316 2257 470 2340 quasdam
488 2258 615 2321 fabulas
633 2257 674 2320 ad
692 2257 829 2341 pueriles
844 2257 968 2320 animos

11 2353 13 2432 q
47 2337 197 2409 hilarandus
216 2346 414 2428 compositas
438 2348 471 2409 et
493 2346 615 2428 aliquot
637 2346 721 2408 levia
739 2345 912 2409 comendae
932 2365 969 2408 ae

11 2443 12 2472 ³
47 2429 180 2507 poliendae
208 2433 368 2498 orationis
394 2437 566 2517 praecepta
597 2433 679 2496 nihil
707 2434 838 2497 omnino
866 2434 969 2495 teneri

11 2475 13 2598 i
46 2520 138 2595 putent.
185 2520 272 2596 Quid
300 2525 408 2585 autem
434 2522 545 2606 magni
571 2521 695 2606 negotii
722 2525 784 2605 est,
810 2521 969 2603 inquiunt,

11 2607 13 2702 l
46 2603 68 2663 in
87 2627 249 2687 puerorum
272 2631 424 2674 consessu
447 2610 486 2672 de
514 2608 670 2673 eiusmodi
699 2609 862 2693 figmentis
886 2629 969 2671 eom-

11 2703 13 2740 2
46 2711 202 2780 memorare,
226 2719 266 2761 ae
288 2699 384 2762 modo
408 2697 446 2762 de
466 2697 634 2780 Thebano,
656 2697 752 2762 modo
771 2697 810 2760 de
829 2697 969 2761 Troiano

45 2777 117 2865 bello,
139 2785 235 2850 modo
261 2785 299 2849 de
322 2785 427 2850 Ulixis
454 2789 511 2848 aut
533 2784 662 2849 Aeneae
690 2785 851 2850 erroribus
880 2785 971 2848 molli

45 2869 66 2928 el
89 2871 122 2934 ad
150 2873 284 2937 inanem
316 2873 565 2938 oblectationem
597 2873 775 2957 composito
814 2873 970 2936 sermonis

45 2975 133 3036 gemere
159 2963 328 3044 disserere3
355 2961 591 3044 identidemque
619 2963 707 3026 uelut
735 2983 752 3024 e
780 2959 971 3043 quibusdam

45 3047 133 3112 areolis
154 3050 398 3115 accommodata
420 3051 611 3115 colorandae
640 3049 778 3114 orationi
805 3049 971 3132 pigmenta

45 3130 223 3215 depromere?
251 3135 382 3222 quuae
396 3142 504 3202 autem
518 3159 637 3222 magma
651 3137 787 3201 eruditio
803 3140 863 3220 est,
882 3137 971 3222 scire,

45 3226 101 3299 quot
119 3227 255 3290 navibus
278 3225 391 3290 Graeci
413 3227 454 3290 ad
477 3225 731 3310 oppugnandum
748 3224 845 3289 Ilium
868 3246 971 3289 acees-

44 3309 129 3394 serint,
151 3318 233 3398 quot
249 3314 334 3379 filios
351 3314 501 3378 habuerit
518 3314 678 3397 Priamus3
700 3312 860 3378 Helenam
876 3335 971 3396 rapu·

44 3396 86 3459 erit
104 3399 296 3486 Alexander,
318 3406 355 3466 ut
377 3400 589 3488 Homerus*),
612 3423 655 3466 an
677 3401 819 3466 Helenae
842 3402 971 3465 simula·

81 3589 146 3656 *)11.
165 3595 214 3648 ΠΙ.
234 3599 293 3648 443.
309 3612 351 3663 sq.
