2330 3944
544 241 680 301 ORATIO
699 243 772 297 XIII.

182 603 566 668 rurnuramluuaus
590 603 621 666 c.
643 600 896 662 snmusrmn
918 601 970 661 ou
995 599 1118 672 cirm-
1146 571 1147 628 ι

453 711 536 771 una
560 707 869 770 comuslrrouu.

481 861 692 947 ORATIO
725 861 844 945 XIII.

295 1041 413 1084 HABITA
427 1039 533 1082 nomn
546 1039 590 1079 111.
604 1037 673 1080 NON.
687 1037 841 1079 NOVEMBR.
854 1035 1030 1080 mnuxxvm

250 1185 402 1272 AdvenIt,
415 1183 547 1248 tandem
568 1182 649 1247 illud
672 1181 764 1246 vobis
788 1203 930 1266 quoque,
958 1185 997 1246 ut
1018 1180 1121 1264 opinor,

186 1273 363 1358 auditores,
396 1272 450 1337 sed
478 1271 559 1336 mihi
586 1273 671 1336 certe
700 1269 980 1353 exoptatissimum
1007 1272 1122 1352 tempus,

186 1383 250 1447 quo
278 1363 369 1428 diu
359 1383 425 1426 ram
451 1359 650 1424 intermissas
679 1359 924 1424 exercitationes
952 1359 1075 1424 nostras
1099 1360 1123 1420 et

187 1452 306 1536 studia,
337 1450 425 1516 haud
456 1447 551 1514 facile
579 1447 726 1530 dixerim,
758 1446 876 1512 honest
862 1447 939 1512 tatis
969 1467 1012 1511 an
1039 1446 1122 1510 suari-

185 1541 262 1604 tatis
297 1540 457 1624 pleniora,
491 1541 683 1620 repetamus.
728 1534 824 1600 Iuvat
854 1536 940 1600 hanc
973 1535 1051 1600 mihi
1079 1535 1122 1598 cir·

187 1629 379 1712 cumfusam,
410 1627 576 1690 incensam
608 1645 646 1688 ac
676 1623 818 1710 flagrant
819 1646 870 1688 em
897 1625 953 1690 siti
985 1625 1123 1690 bonarum

187 1716 318 1799 artium,
341 1678 491 1798 cdpidam
514 1733 607 1778 verae
630 1733 669 1776 ac
691 1712 813 1777 solidae
835 1712 941 1777 laudis
961 1718 995 1778 et
1013 1712 1149 1798 gloriae,

187 1825 242 1869 ore
273 1803 345 1887 ipso
378 1807 474 1887 atque
507 1801 607 1866 oculis
640 1801 750 1870 omnia
781 1822 832 1866 me
861 1823 989 1866 summa
1017 1821 1124 1886 sperare

187 1892 226 1957 de
258 1892 407 1956 alacritat
357 1894 424 1956 tate
457 1894 490 1955 et
524 1889 635 1954 indust
621 1889 684 1953 tria
715 1909 775 1954 sua
810 1890 977 1955 iubentem
1012 1889 1125 1955 lectissi

186 2003 313 2046 morum
345 1981 586 2046 adolescentum
617 1997 771 2044 coronam
802 1977 935 2062 inrueri3
968 1979 1057 2044 iuvat
1085 1977 1126 2042 ad

188 2071 282 2154 spici,
309 2070 399 2135 iuvat
427 2069 544 2152 audiri,
571 2067 693 2133 iuvat'
683 2089 719 2132 m
745 2066 897 2132 talibus'
888 2068 1031 2170 ingeniis
1053 2087 1126 2132 exeo·

186 2158 290 2222 lendis
331 2158 485 2241 quidquid
525 2158 752 2242 ingravescens
793 2160 883 2221 aetas
918 2157 1037 2222 virium
1070 2151 1150 2220 reli·

187 2247 305 2330 querit,
328 2247 493 2310 collocare
529 2245 584 2308 An
611 2245 771 2331 agricolae
795 2265 868 2311 cum
894 2247 1026 2310 teneras
1052 2245 1128 2309 arbo-

186 2354 237 2397 res
282 2355 302 2398 a
342 2353 376 2397 se
408 2333 484 2396 .tcul
470 2336 520 2396 tas
561 2332 602 2397 ad
646 2335 766 2400 iustam
807 2354 876 2399 sese
916 2355 1044 2419 procem
1036 2333 1129 2398 tatem

186 2422 447 2574 paullatimt
399 2423 433 2484 at
434 2421 548 2486 toltlen
550 2443 583 2486 es
623 2423 748 2508 vident,
793 2423 970 2488 efferuntur
1013 2422 1129 2510 gaudio,

186 2517 260 2596 past
262 2512 325 2576 oris
352 2513 478 2594 pectus,
505 2511 613 2595 gregis
641 2511 703 2576 sibi
729 2511 892 2578 commissi
918 2512 1076 2578 laetitiam
1101 2529 1129 2573 ac

186 2599 418 2664 fecunditatem
435 2599 605 2684 intuentiS,
622 2599 723 2664 tacita
739 2601 906 2684 voluptate
925 2593 1131 2686 p'erfunditur3

100 2741 103 2746 .
188 2688 241 2771 qui
265 2689 413 2753 alumnos
436 2709 511 2752 suos
533 2687 680 2772 vigentes
707 2709 746 2754 ac
772 2689 925 2755 florentes
952 2689 1131 2774 adspiciunt,

188 2776 334 2840 afliciunt
320 2781 373 2841 tur
399 2777 522 2841 intimis
555 2777 701 2841 sensibus
728 2779 762 2842 et
787 2778 988 2843 iuventutem
1015 2779 1133 2844 illorum

187 2887 279 2929 suam
293 2865 551 2949 quodammodo
542 2887 639 2930 ruven
639 2869 743 2930 tutem
761 2887 830 2931 esse
849 2866 1017 2952 ducentes,
1036 2887 1132 2932 excus-

187 2976 224 3018 sa
252 2959 360 3020 senect
346 2957 415 3018 tute
438 2955 651 3018 recalescunt·
624 2958 754 3040 tego,
777 2954 997 3022 adolescentes
1008 2919 1134 3042 optimi,

187 3043 362 3109 e'vestro
352 3065 388 3107 m
405 3042 522 3108 litteris
544 3043 692 3128 profectu
716 3063 753 3108 ac
771 3065 945 3130 progressu
968 3066 1035 3111 non
1058 3044 1133 3108 idem

186 3130 266 3195 mihi
289 3155 350 3196 usu
372 3131 482 3196 venire
504 3131 630 3196 fatear?
666 3129 780 3217 Neque
803 3133 883 3197 mihi
910 3155 988 3198 sane
1011 3133 1135 3198 dubium

187 3221 250 3300 ost,
274 3220 351 3302 quin
373 3221 534 3304 plerisque
557 3224 699 3286 restrum
718 3221 949 3305 quadrimestre
967 3221 1047 3286 illud
1064 3225 1135 3284 tem-

186 3325 262 3390 pus,
303 3307 388 3390 quod
425 3308 521 3372 nobis
558 3310 733 3392 quotannis
775 3330 814 3375 ex
850 3314 957 3376 vetere
993 3301 1136 3374 instituto

187 3395 330 3460 solutum
349 3415 386 3459 ac
404 3395 542 3461 liberum
566 3398 765 3484 conceditur,
787 3399 872 3464 iusto
891 3398 1022 3484 longius
1038 3398 1137 3462 visum

187 3484 242 3548 sit·
274 3483 314 3548 iis
341 3483 507 3570 nimirum,
539 3485 654 3568 quibus
685 3509 775 3553 amor
802 3487 931 3553 virtutis
958 3508 995 3553 ac
1021 3487 1136 3550 littera·

185 3572 316 3636 rumin
338 3571 513 3637 visceribus
537 3594 575 3638 ac
597 3575 746 3640 medullis
773 3575 894 3641 defixus
916 3575 1047 3660 insedit,
1075 3572 1137 3658 qui·
