2368 3956
570 197 654 252 VAR.
673 195 775 252 Lacr.

535 445 677 513 CAPUT
700 445 820 512 XXIX.

199 573 297 640 QUOD
312 569 556 627 THEOPOMPUS
569 569 618 624 Du
628 567 927 624 LACEDAEMONIIS
941 567 1049 638 DleT,
1060 568 1134 623 lDllll

274 661 322 715 DE
341 659 518 715 FORTUNA
537 656 686 724 QUOQUE
705 657 845 712 MERITO
864 656 940 712 DIOI
957 656 1071 712 POSSE.

230 853 233 860 ,
265 787 464 852 Evolvebam
485 805 589 869 nuper
602 783 763 850 Theodori
785 784 952 850 cuiusdam
964 783 1135 848 Metcchitae

198 878 331 959 librum,
353 876 443 940 cuius
465 875 547 939 mihi
560 873 686 976 copiam
699 873 819 937 fecerat
840 873 1031 938 homocum
1051 873 1135 955 philo·

200 966 331 1051 sophiae
363 986 400 1029 ac
431 964 521 1028 theol
521 963 613 1048 ogiae
641 961 775 1026 scientia
800 965 983 1062 praestans,
1014 965 1081 1025 tum
1102 962 1139 1024 ita

199 1055 298 1120 comis
324 1056 420 1139 atque
448 1052 609 1134 amabilis,
635 1054 672 1114 ut
698 1071 772 1114 eum
798 1051 888 1135 ipsae
915 1051 983 1114 suis
1009 1050 1138 1114 manibus

199 1141 328 1206 Gratiae
355 1141 485 1204 finxisse
518 1161 555 1204 ac
586 1139 804 1223 composuisse
835 1139 1017 1221 videantur,
1047 1137 1138 1204 Sirtus

198 1231 351 1314 Medices,
377 1228 618 1294 Dominicanus.
672 1226 826 1294 Continet
811 1229 960 1292 tantem
992 1189 1072 1292 liber
1097 1227 1139 1290 ille

199 1323 273 1385 11111
273 1341 328 1384 um
358 1317 476 1404 viginti
506 1339 574 1384 non
601 1338 678 1382 sane
706 1320 782 1382 cont
767 1316 957 1382 temnendus
989 1316 1083 1394 variis
1110 1315 1139 1378 de

199 1410 295 1474 rebus
333 1405 567 1510 disputationes
604 1405 726 1471 Graeco
768 1427 914 1470 sermone
950 1405 1139 1489 conscriptas,

199 1517 335 1598 quarum
361 1497 396 1560 in
421 1517 488 1560 una
513 1494 689 1578 reperimus
715 1493 808 1579 haec,
835 1515 916 1580 quae
944 1493 1139 1576 subiiciemus,

199 1585 234 1649 in
256 1585 404 1650 fortunae
427 1583 733 1648 instabilitatemt
699 1586 795 1669 atque
817 1583 1067 1648 inconstantiam
1086 1603 1139 1646 1111

198 1674 355 1738 inurbane
386 1693 490 1758 neque
521 1672 648 1756 illepide
677 1671 776 1736 dicta:
809 1693 890 1757 quae
920 1672 1016 1736 nobis
1043 1692 1139 1736 caussa

198 1761 274 1844 fuit,
301 1783 357 1826 cur
383 1782 421 1825 ea
442 1760 504 1825 hoc
526 1762 596 1826 loco
619 1783 880 1845 proponeremus
929 1759 1139 1860 Theopompus

198 1850 371 1915 historicus
386 1849 530 1914 aculeata
542 1847 812 1914 Lacedaemonios
835 1848 980 1914 oratione
1003 1849 1138 1932 perstrin

200 1959 279 2024 gens
312 1939 532 2023 improbarum
567 1959 622 2003 ecs
658 1939 828 2002 mulierum
859 1959 1039 2022 cauponam
1069 1959 1139 2001 1111·

199 2027 340 2092 ccntium
368 2028 488 2093 similes
520 2047 590 2092 esse
623 2026 760 2105 dicebat,
789 2047 869 2110 quae
901 2027 1083 2110 hospitibus
1109 2024 1140 2088 ad

200 2137 233 2180 se
261 2116 492 2182 divertentibus
519 2115 630 2181 vinum
656 2115 750 2182 initio
777 2118 810 2180 et
841 2118 973 2199 gustatu
1001 2137 1093 2180 suave
1116 2117 1140 2176 et

199 2227 260 2268 usu
284 2205 411 2270 salubre
433 2204 602 2288 praebent,
625 2203 737 2268 callide
751 2203 784 2267 id
807 2206 975 2288 astuteque
993 2203 1140 2284 facientes,

199 2297 236 2356 ut
258 2297 428 2377 argentum
455 2293 496 2356 ab
520 2293 566 2356 eis
590 2291 733 2356 eliciant:
760 2295 874 2376 postea
899 2313 976 2364 vero
1001 2292 1140 2356 11111111-

199 2381 340 2445 fundunt
365 2381 428 2444 vile
455 2384 488 2444 et
515 2384 700 2464 corruptum
728 2384 761 2444 et
786 2380 913 2445 acidum
940 2402 1045 2482 eoque
1068 2381 1140 2479 ipsos

198 2469 247 2532 uti
270 2472 399 2554 coguut.
444 2467 496 2533 Sic
519 2470 606 2533 enim
628 2473 661 2534 et
680 2469 950 2534 Lacedaemonios
973 2469 1066 2534 initio
1087 2469 1141 2531 eius

198 2555 288 2640 belli,
315 2557 417 2661 quod
428 2557 580 2622 adversus
602 2556 817 2622 Athenienses
840 2556 1141 2643 gesserunt,tcallide

198 2607 386 2729 fecissent
407 2638 530 2724 ceteros
549 2645 724 2711 Graecost
709 2649 864 2731 tanquam
888 2646 1077 2711 suavissimo
1097 2667 1140 2728 pc-

199 2735 270 2798 culo
299 2734 407 2800 oblato
436 2709 616 2819 allicerent,
647 2755 720 2800 cum
748 2734 885 2819 quasit
870 2735 1000 2799 tabellis
1031 2733 1140 2819 publice

198 2823 372 2907 propositis
395 2785 621 2906 profiterentui
643 2845 681 2887 ac
702 2823 957 2908 promulgarent,
986 2843 1096 2908 cupere
1115 2841 1140 2884 se

199 2909 366 2976 Graeciam
389 2933 409 2975 a
431 2911 598 2976 dominatu
615 2911 862 2976 Atheniensium
884 2912 1060 2976 vindicare:
1080 2911 1141 2994 post

200 3003 307 3066 eutem
334 3000 380 3064 eis
411 3000 613 3065 amarissima
644 3004 676 3064 et
702 3001 929 3066 insuavissima
957 2997 1139 3084 1111111111-

200 3088 319 3152 senisse
355 3089 491 3153 refertae
522 3089 663 3173 undique
690 3089 847 3154 molestiis
878 3089 964 3154 vitae
996 3093 1029 3154 et
1057 3107 1138 3170 nego·

200 3174 319 3240 tiorum
343 3177 565 3242 acerbissimos
589 3177 715 3242 dolores
737 3177 948 3261 inurentium,
970 3200 1043 3242 cum
1063 3196 1139 3260 prae-

198 3262 331 3326 ficerent
353 3264 448 3328 civita
414 3265 536 3366 ttibus
559 3263 764 3330 Decemviros
787 3269 821 3331 et
846 3266 1009 3349 praesides
1037 3265 1138 3347 impor-

198 3351 398 3434 tunissimos,
435 3352 491 3437 qui
522 3374 576 3417 cas
607 3353 819 3456 tyrannico
809 3356 944 3438 rmperic
976 3353 1138 3440 premerent

199 3444 394 3524 agerentque
424 3461 474 3524 11,
506 3463 586 3524 quac
614 3443 790 3542 asperrima
818 3463 973 3527 perpessu
999 3444 1137 3528 planeque

196 3527 414 3592 intolerabilia
441 3533 557 3592 essent.
609 3527 672 3594 Sed
703 3531 790 3595 enim
817 3531 902 3616 quod
930 3531 1137 3614 Theopompus
