2328 3956
161 173 203 236 62
494 171 675 227 EPISTOLA
692 169 789 226 XLIX.

228 317 278 382 Ta
299 318 379 382 iater
400 335 453 381 eea
474 318 579 382 restim
601 315 731 382 diaetam
752 315 889 382 saltatis.
910 315 955 381 M.
980 315 1087 383 Probe.

227 405 274 472 Et
295 410 329 470 tu
350 405 507 471 aotieeum
528 423 602 482 aaa,
624 405 655 469 ενι·
676 423 752 486 epae
773 407 823 470 sit.

161 545 206 613 Et
227 545 308 612 illud
330 545 449 612 Catulli
472 568 512 610 ex
534 546 765 632 epigrammate
789 547 824 610 in
846 545 1046 633 Vettium:¹)

228 670 299 737 Ista
319 687 390 737 aaa
413 671 529 754 tima,
550 671 580 736 ei
600 690 677 736 aeas
698 671 802 736 venat
823 667 888 751 etei,
904 672 1021 753 possis.

163 811 227 878 Sed
257 811 334 879 nolo
361 813 497 876 alterum
525 832 655 878 versum
687 811 882 897 adscribere,
908 834 1017 899 neque
1046 819 1120 898 pute
1159 775 1160 797 i

163 923 233 968 esse
265 923 355 986 opus.
400 899 552 976 Quamvis
583 901 684 986 igitur
720 901 888 986 sperabam
925 905 1121 968 sententiam

162 1013 267 1056 meam
298 989 345 1091 ita
370 989 432 1054 tibi
462 990 635 1073 probatam
662 1011 745 1074 esee,
775 994 814 1055 ut
840 990 924 1055 nihil
954 996 1122 1094 ppaeterea

128 1243 131 1252 ,
161 1078 1122 1254 ttttttttttttti“ttaetttttetttet

162 1253 258 1340 Vale,
290 1259 324 1320 et
354 1253 541 1320 Gisbertum
572 1255 652 1321 mihi
684 1257 788 1322 saluta
820 1260 853 1321 et
880 1258 907 1322 si
935 1279 1018 1343 ques
1053 1261 1122 1323 istie

163 1348 329 1429 praeterea
349 1345 438 1410 nosti
451 1348 598 1411 amantes
620 1345 693 1410 mei.
719 1345 851 1412 Romae.
874 1345 1015 1412 Postrid.
1039 1346 1122 1413 Non.

163 1433 258 1500 Mart.
281 1451 423 1500 unam

565 1557 726 1572 Ἣ

584 1699 699 1766 XLIX.

353 1825 402 1899 M.
430 1825 673 1901 ANTONIUS
700 1823 934 1902 MURETUS.

341 1959 503 2018 HERCULI
520 1961 681 2020 OIOFANO
705 1961 940 2020 SULMONENSI

590 2069 613 2112 Β.
626 2071 650 2112 P.
663 2071 692 2114 1).

232 2177 353 2263 Accepi
375 2181 527 2246 volumen
550 2179 747 2244 orationum:
771 2177 810 2244 de
833 2201 897 2264 quo
921 2201 993 2245 amo
1016 2182 1066 2258 te,
1090 2183 1125 2242 ut

127 2293 129 2299 ·
166 2265 281 2352 debeo,
303 2268 492 2354 plurimum3
522 2289 561 2334 ee
584 2268 680 2332 simul
703 2271 799 2354 atque
821 2290 900 2334 usus
923 2289 991 2353 ero,
1013 2269 1125 2332 remit·

128 2411 132 2417 .
166 2358 243 2420 tam.
279 2353 410 2422 Demere
425 2362 550 2440 partem
571 2357 608 2422 de
628 2357 725 2422 solido
746 2355 796 2422 die
818 2358 904 2442 apud
916 2353 1125 2442 Horatium&

167 2444 236 2508 sine
259 2444 326 2508 ulla
340 2444 541 2512 dubitatione
555 2448 605 2511 eet
618 2445 788 2524 meamet,
810 2445 844 2510 id
863 2449 920 2531 est,
941 2445 1014 2530 ipso
1028 2448 1125 2510 meri-

167 2532 218 2596 die
244 2532 360 2600 horam
386 2555 486 2600 unam
517 2539 574 2600 aut
600 2535 735 2600 alteram
763 2533 915 2600 dormire:
947 2535 1034 2619 quod
1069 2537 1125 2618 qui

166 2621 305 2709 faciunt,
328 2623 412 2694 diem
440 2625 581 2710 quodam
602 2623 703 2688 modo
730 2623 888 2710 frangunt
914 2645 950 2688 ae
973 2622 1126 2689 dividunt

167 2733 272 2798 neque
304 2733 377 2778 eum
407 2735 509 2778 unum
541 2735 578 2778 aa
611 2711 750 2778 solidum
782 2717 815 2778 et
841 2707 1025 2796 ὁλόκληρον
1052 2734 1124 2776 esse

167 2803 344 2885 patiuntur.
388 2801 502 2888 Itaque
529 2802 571 2885 is,
599 2802 654 2886 qui
683 2801 783 2866 demit
809 2805 934 2885 partem
956 2801 994 2865 de
1018 2801 1123 2866 solido

168 2891 229 2976 die,
252 2890 368 2956 dieitur
388 2890 422 2955 id
436 2890 541 2954 faeere
563 2909 647 2955 auae
667 2891 764 2955 attriti
780 2890 916 2954 membra
936 2890 991 2956 eut
1013 2890 1123 2954 arbuto

167 2985 296 3060 stratae,
322 2999 406 3046 aeone
431 2980 475 3044 ad
500 2999 599 3062 aquae
627 2979 692 3046 tene
717 2983 809 3062 eaput
836 2999 948 3044 saerae.
992 2977 1038 3043 Et
1058 2977 1124 3042 hoe

142 3068 275 3152 ipsum
288 3067 394 3135 Varro
417 3065 567 3154 alieubi³)
580 3071 675 3134 vocat
697 3068 777 3134 diem
789 3068 929 3142 dividere.
960 3065 1010 3132 De
1023 3067 1123 3132 verbo

168 3157 346 3236 deducendi,
374 3179 430 3222 cur
453 3180 491 3224 eo
513 3159 579 3224 vim
606 3158 706 3222 ullam
729 3157 903 3242 significari
925 3159 1032 3241 putea,
1053 3177 1123 3220 non

169 3267 247 3311 eane
269 3245 372 3310 video.
415 3243 587 3330 Cleopatra
609 3245 737 3329 quidem
759 3266 863 3330 neque
885 3245 996 3311 volens
1018 3265 1121 3328 neque

168 3334 272 3399 invita
293 3333 330 3396 in
351 3331 516 3417 triumpho
545 3333 641 3399 dueta
667 3336 725 3398 est.
774 3333 821 3398 At
847 3353 914 3398 non
941 3337 1121 3398 esttamen

244 3524 263 3593 ¹)
282 3529 325 3592 98,
343 3528 369 3576 3.
414 3521 437 3590 ²)
458 3521 548 3577 Oarm.
567 3524 589 3578 I.
609 3531 633 3592 1,
647 3529 690 3578 20.
728 3523 749 3592 Β)
768 3524 802 3578 de
820 3539 851 3578 re
864 3527 933 3580 ruet.
947 3525 995 3580 ΙΙΙ.
1010 3531 1035 3580 2.
1050 3531 1064 3591 5
1078 3531 1118 3578 15.
