2368 3956
391 245 511 302 CAPUT
529 247 640 304 XXXV.

362 476 506 546 CAPUT
528 479 661 548 XXXV.
685 487 690 502 ·

137 597 394 656 muusrairus
412 601 633 656 1111111111
652 602 733 658 ouis
752 603 876 661 nouus

94 705 177 774 (lum
204 711 299 773 tanta
326 712 412 774 esset
437 710 523 794 apud
553 714 677 778 veteres
708 713 843 778 infamia
870 734 989 798 eorum,

35 797 82 882 qui
105 797 233 862 abieoto
260 798 372 882 clypeo
399 798 576 907 fugerant,
587 823 730 886 quosque
758 803 989 867 contumelioso

33 887 173 970 nomine,
199 889 239 950 ut
263 882 889 974 1111111111,ὁιψᾶσπιδας1111111111,
913 889 990 976 quid

33 976 63 1038 in
94 937 240 1039 mentem
271 975 397 1041 venisse
429 938 571 1041 dicemus
603 979 896 1064 elegantissimop
898 981 990 1043 o'e'tae

33 1061 182 1148 Horatio,
205 1085 277 1128 eam
298 1068 336 1128 ut
357 1067 470 1130 notam
494 1065 587 1130 sibi
577 1087 647 1150 ipse
661 1068 807 1133 versibus
831 1067 897 1132 suis
919 1067 989 1130 inu-

33 1173 94 1216 rere
118 1152 281 1219 voluerit?
316 1151 406 1218 Nota
419 1153 505 1218 enim
529 1159 605 1220 sunt
624 1156 681 1222 illa
703 1178 742 1222 ex
761 1157 823 1223 oda
841 1156 883 1221 ad
895 1155 989 1222 Porn-

33 1242 137 1324 peium
160 1239 285 1306 Varum
292 1239 331 1327 ¹2)
395 1313 400 1322 ,

117 1365 234 1430 Tenues
255 1364 420 1449 Philippos
441 1370 471 1431 et
490 1367 614 1432 aleran
634 1366 743 1450 sapam

116 1453 211 1520 Sensi
232 1455 339 1518 relicto
360 1475 423 1522 neu
445 1454 517 1520 bae
532 1456 699 1538 parmula:

164 1540 244 1608 Oum
264 1542 367 1622 fractu
388 1544 500 1622 1111111,
522 1549 552 1608 et
573 1545 709 1609 minaces

237 1631 340 1714 lhrpe
361 1633 460 1698 sotum
482 1633 603 1715 tetiqem
625 1637 734 1698 meato.

35 1755 81 1818 An
102 1754 141 1818 id
163 1755 194 1818 ei
215 1755 382 1840 ingenium
403 1755 479 1840 fuit,
500 1759 627 1822 utnon
648 1756 684 1820 in
706 1755 786 1820 alios
808 1763 913 1838 modo,
936 1754 991 1818 sed

35 1843 63 1906 in
85 1863 123 1908 se
144 1843 253 1926 ipsum
276 1865 403 1929 quoque
425 1845 563 1910 libenter
577 1845 662 1910 diota
675 1843 794 1909 dioeret
810 1844 991 1926 vinetaque,

35 1935 66 1995 ut
87 1930 169 1995 alibi
183 1933 242 2016 ait,
264 1933 403 2016 ipsemet
416 1933 562 1998 caederet
585 1929 699 2018 sua¹)?
734 1932 788 1996 An
804 1933 839 1996 in
861 1931 991 1995 homine

35 2020 165 2084 minime
187 2020 320 2085 militari
332 2020 577 2106 Mercurialique
600 2021 708 2105 potius
732 2042 827 2106 quam
841 2018 991 2101 Martiali,

36 2129 136 2193 neque
159 2108 202 2172 ad
225 2129 327 2193 arma,
350 2110 405 2175 sed
429 2109 470 2174 ad
493 2130 617 2174 amores
640 2112 673 2172 et
695 2109 736 2173 ad
757 2109 874 2192 poeula
896 2109 930 2171 et
951 2069 992 2171 ad

36 2197 133 2262 libros
154 2197 341 2262 tractandos
366 2201 445 2263 nato
473 2201 585 2282 aperta
606 2198 662 2262 illa
689 2201 722 2262 11
748 2197 884 2282 simplex
905 2195 991 2260 timi·

36 2285 143 2350 ditatis
166 2307 244 2350 suae
265 2285 423 2370 professio
445 2286 585 2352 iucunda
605 2272 713 2370 potius
737 2309 834 2372 quam
854 2285 991 2371 ignomi-

36 2373 127 2438 niosa
148 2374 219 2439 est?
249 2371 336 2438 Nam
359 2374 446 2459 quod
459 2395 533 2440 eum
556 2395 682 2460 quoque
695 2375 811 2460 ipsum,
833 2375 874 2438 ad
897 2394 992 2459 quem

37 2462 220 2547 1111111111
248 2461 389 2528 eiusdem
416 2463 528 2547 eulpae
556 2463 742 2528 societatem
763 2467 870 2545 voeat,
891 2462 991 2526 videri

36 2554 141 2633 potest
126 2551 277 2616 11111111
295 2549 475 2616 Xenaeneti
491 2549 702 2616 Atheniensis
725 2552 879 2634 exemplo,
902 2550 991 2614 euius

37 2643 82 2704 est
67 2639 224 2704 tnobilis
245 2639 303 2704 illa
324 2639 507 2748 responsio
515 2637 556 2704 ad
579 2639 663 2704 aives
686 2661 761 2703 suos
784 2639 992 2722 obiurgantes

37 2717 116 2881 td·
138 2715 992 2917 1111111111ἱ111111111111111111

36 2906 152 2970 ratium
178 2905 241 2970 hae
267 2925 394 2990 qnoque
420 2904 516 2970 inre
543 2903 741 2987 Archilochi,
772 2903 814 2967 ad
840 2863 930 2968 1111111
958 2922 993 2967 11

36 2993 249 3060 imitationem
272 2994 414 3058 studiose
428 2993 677 3077 comparaverat,
700 2954 837 3057 similem
855 3012 924 3056 esse
937 3011 992 3056 vo·

38 3081 141 3148 luisse.
187 3081 352 3167 Siquidem
374 3085 407 3146 et
427 3082 491 3166 ille,
513 3085 549 3145 ut
571 3081 635 3146 alia
655 3081 793 3164 turpiter
811 3103 831 3144 a
849 3101 882 3144 se
898 3079 993 3164 faeta,

39 3171 129 3254 quod,
148 3171 236 3255 apud
262 3170 435 3235 Aelianum
460 3167 643 3254 legimus³),
670 3168 925 3254 praedicaverat,
946 3169 994 3234 ita

39 3279 109 3324 eum
134 3259 171 3324 in
197 3259 320 3344 proelio
347 3259 500 3324 adversus
527 3257 634 3344 Seios,
660 3257 816 3324 Thraciae
845 3259 994 3345 populos,

109 3450 271 3522 hstis

109 3520 128 3591 ¹)
147 3523 237 3593 Epist.
255 3521 290 3576 Π.
311 3527 335 3578 1.
353 3527 406 3578 rao

109 3592 129 3663 ¹)
149 3593 215 3650 Var.
234 3593 307 3648 Hist.
326 3592 359 3648 X.
380 3599 421 3648 13.
