2326 3942
206 211 274 278 224
542 209 751 267 PRAEFATIO
769 211 831 267 VII.

206 357 405 442 doctissime,
426 357 512 421 huno
534 357 678 422 laborem
696 378 805 422 meum
823 356 992 422 inscribere
1007 358 1127 443 quasique

207 466 394 513 consecrare
424 446 559 529 placuit,
594 449 678 529 tum,
710 449 747 511 ut
778 447 901 511 extaret
932 445 1128 512 monimentum

208 536 339 620 aliquod
374 535 491 600 veteris
528 535 688 600 amicitiae
719 539 864 619 nostrae,
899 537 980 618 tum,
1014 538 1047 599 ut
1072 536 1129 599 liber

207 625 277 708 ipse
299 624 361 690 hoe
383 625 514 689 nomine
537 624 689 688 studiosis
712 625 862 690 omnibus
886 625 1006 710 gratior
1023 645 1055 688 ao
1070 645 1129 689 eon·

208 712 390 779 mendatior
421 713 512 780 foret.
561 713 608 778 Et
643 733 720 776 sane
758 713 826 778 sive
862 713 1054 798 quaerendus
1084 726 1130 776 erat

208 802 329 867 amicus
357 803 396 868 de
418 823 470 866 me
497 802 748 885 benemeritus,
776 803 828 868 oui
853 802 915 867 hoe
943 802 1130 867 munusculum

208 891 350 974 daretur,
377 891 539 957 neminem
562 891 683 956 ordinis
705 891 811 956 nostri
832 891 994 975 videbam,
1019 891 1064 955 oui
1081 891 1130 974 plus

208 980 370 1045 deberem:
399 981 466 1046 sive
493 979 679 1065 deligendus
705 979 814 1064 iudex,
846 980 902 1065 qui
929 979 969 1044 de
994 977 1041 1044 his
1064 979 1130 1043 rebus

209 1069 392 1134 existimare
428 1090 512 1134 unus
549 1070 694 1136 omnium
726 1070 847 1153 optime
883 1073 1006 1153 posset,
1039 1069 1132 1132 nullm

208 1157 347 1242 reperire
374 1161 535 1243 poteram,
562 1159 614 1223 eui
640 1159 756 1223 iustius
788 1159 822 1223 id
850 1157 1036 1243 deferretur,
1064 1178 1132 1243 quan

207 1247 277 1312 tibi.
321 1244 399 1312 Non
425 1247 512 1312 enim
539 1251 596 1312 aut
623 1247 794 1314 obsoumm
817 1250 874 1312 aut
900 1248 1078 1334 ambiguum
1094 1249 1132 1328 esi,

208 1336 293 1400 inter
317 1357 443 1420 omnes,
471 1337 527 1421 qui
549 1336 643 1401 hodie
670 1337 795 1402 litteras
821 1339 979 1420 tractant,
1006 1335 1043 1400 ad
1066 1357 1132 1420 quen

208 1445 248 1490 ex
269 1425 455 1492 hominibus
478 1426 597 1491 nostris
624 1425 747 1509 primae
775 1425 844 1491 sine
874 1425 1082 1491 controversia
1098 1425 1131 1487 de·

208 1514 361 1580 ferantur.
401 1511 483 1579 Vale
506 1535 633 1600 meque,
656 1518 693 1578 ut
714 1513 809 1599 facis,
832 1535 940 1581 amare
964 1534 1064 1602 perge.
1092 1512 1132 1577 Lu-

209 1603 317 1668 tetiae.
360 1601 408 1670 In
430 1602 526 1668 Mart.
550 1621 687 1668 mnnxn.
