2360 3944
188 215 233 280 aa
567 209 702 266 011110
721 209 754 264 v,

188 362 338 425 nostrum
365 379 399 422 se
425 377 596 421 numerum
623 355 796 440 aggregari
823 356 939 440 velint,
968 360 1001 422 et
1021 359 1056 423 in
1077 359 1135 424 eius
1162 359 1163 432 l

189 448 305 532 ipsius,
328 468 425 530 quam
448 444 697 528 oppugnabant,
720 443 835 507 eastris
859 445 1020 528 stipendia
1041 447 1135 512 facere

191 535 361 618 incipiant,
391 533 560 598 victoriam
588 531 696 616 adepti
724 532 842 596 erimus
874 533 973 618 longe
1002 535 1031 598 ei
1058 536 1135 599 dissi-

189 623 312 708 milem,
343 644 439 706 quam
465 624 589 687 veteres
618 618 792 685 Cadmeam
823 621 1048 687 nominabant.
1085 624 1136 688 llla

191 712 278 776 enirn
301 714 334 776 et
355 711 470 776 uictori
492 710 641 774 luctuosa
655 712 725 773 erat
748 712 780 773 et
793 709 894 794 uicto,
907 711 989 775 haec
1005 716 1037 775 et
1050 712 1136 776 victo·
1163 750 1164 828 ,

188 800 280 884 ribus
295 799 356 864 erit
370 799 511 864 laetitiae
526 801 559 862 et
572 798 665 862 victis
680 797 786 862 saluti.
810 797 877 882 sin,
891 820 966 862 cum
980 821 1014 864 se
1030 800 1138 864 fractos
1163 829 1164 882 p

190 911 228 954 ac
242 889 406 972 perculsos
424 887 568 970 videant,
590 887 827 970 permanebunt
845 890 957 951 tamen
979 888 1016 952 in
1039 889 1137 952 eadem
1163 887 1164 896 ’

189 977 350 1062 pravitate
387 979 483 1059 atque
520 975 738 1040 obstinatione
771 975 873 1038 animi
905 979 937 1040 et
970 980 1008 1040 ut
1039 977 1138 1061 ignaui

191 1087 286 1130 canes
309 1063 561 1148 philosophiam,
584 1063 625 1127 ad
648 1085 746 1147 quam
763 1063 896 1146 propius
912 1065 1063 1129 accedere
1080 1087 1138 1128 non

190 1154 323 1236 audent,
346 1153 470 1217 eminus
485 1152 697 1220 allatrabunt:
720 1173 778 1216 vos
796 1155 921 1235 tamen,
940 1153 1057 1236 optimi
1074 1154 1138 1216 ado·

189 1243 361 1325 lescentes,
393 1263 530 1326 quorum
562 1262 676 1304 caussa
702 1240 755 1304 hic
782 1263 802 1304 a
829 1263 880 1304 me
907 1241 1077 1330 institutus
1099 1245 1139 1304 est

191 1352 310 1414 sermo,
342 1329 458 1414 quibus
490 1329 553 1394 mei
584 1329 711 1394 labores
744 1329 901 1413 serviunt,
938 1351 1077 1413 quorum
1106 1330 1138 1392 ad

159 1456 161 1462 .
189 1419 365 1484 utilitatem
387 1440 498 1483 omnes
521 1417 584 1482 mei
607 1420 756 1501 conatus,
778 1439 890 1482 omnes
912 1418 1045 1502 vigiliae
1052 1469 1061 1502 ,
1083 1440 1139 1482 on·
1164 1483 1165 1508 ,

190 1507 246 1572 nia
278 1507 385 1572 studia
411 1507 608 1591 referuntur,
639 1508 752 1591 urgete
784 1509 973 1571 constanter
1004 1507 1165 1590 proposi-³

190 1599 274 1678 tum,
300 1617 405 1678 neque
432 1595 583 1678 patimini
605 1617 664 1659 vos
692 1593 881 1678 cuiusquam
904 1595 1141 1660 sermonibusa

191 1685 340 1766 suscepto
365 1683 470 1746 studio
495 1683 618 1746 abduci.
655 1681 696 1744 In
719 1703 756 1746 ea
775 1683 891 1746 aetatis
913 1687 1008 1767 parte
1033 1684 1140 1748 consti-

190 1771 254 1834 tuti
277 1771 353 1834 estis
358 1821 367 1854 ,
390 1771 426 1834 in
443 1774 554 1854 quaet
570 1770 738 1856 ingenium
756 1771 798 1835 ad
816 1771 926 1835 omnia
943 1771 1141 1856 percipienda

192 1858 340 1944 docilius,
363 1863 396 1924 et
418 1880 534 1943 corpus
554 1859 595 1923 ad
617 1857 803 1923 tolerandos
823 1859 1005 1925 studiorum
1021 1861 1141 1926 labores

190 1947 314 2012 firmius
337 1970 406 2014 esse
429 1947 604 2013 consueuit.
645 1945 774 2030 Videte,
801 1950 839 2012 ut
864 1969 935 2012 eam
956 1947 997 2012 iis
1022 1949 1059 2013 in
1085 1952 1166 2048 stu-p

192 2037 252 2100 diis
285 2036 461 2122 collocetis,
493 2059 574 2120 quae
606 2035 698 2102 vobis
731 2035 808 2101 olim
839 2037 979 2102 maximo
1013 2041 1048 2102 et
1079 2039 1166 2130 usui}

192 2129 225 2188 et
256 2129 447 2191 ornamento
478 2126 589 2190 futura
621 2146 690 2189 esse
722 2125 926 2209 cognoscitis.
971 2124 1083 2211 Atque
1112 2131 1143 2188 ut

193 2212 463 2278 obtrectatoribus
485 2214 605 2278 nostris
628 2212 771 2296 eripiatis
795 2234 924 2277 omnem
947 2235 1064 2280 ansam
1086 2237 1143 2278 ma-

191 2297 394 2384 ledicentiae,
421 2301 637 2386 connitimini,
664 2304 821 2385 quantum
846 2303 998 2388 potestiS,
1026 2307 1064 2370 ut
1090 2303 1144 2365 vir·-

191 2386 272 2450 tutis
309 2391 342 2452 et
378 2389 476 2454 officii
512 2393 696 2476 praecepta,
729 2411 810 2474 quae
847 2412 885 2454 ex
921 2413 973 2456 me
1007 2391 1144 2477 quotidie

192 2473 343 2559 audietis,
383 2499 451 2543 non
490 2481 619 2544 tantum
661 2478 826 2562 excipiatis
868 2480 991 2565 animo,
1040 2499 1143 2546 verum

189 2559 291 2626 etiam
314 2563 382 2630 vita
404 2570 437 2632 et
459 2567 601 2634 moribus
624 2567 820 2653 exprimatis.
847 2581 937 2636 11111.
