2326 3942
207 214 228 275 6
560 207 744 263 EPISTOLA
759 209 807 264 IV.

204 362 278 420 ante
302 356 409 420 omnia
423 357 456 418 et
477 375 578 417 unum
601 353 738 418 fortasse
752 351 944 437 spectarcfte
957 358 1039 439 puto.
1063 355 1131 435 Cras,

205 444 245 508 ad
268 465 429 508 summum
451 442 601 528 perendie
624 443 688 508 tria
702 440 822 508 (latulli
844 443 923 508 folia
945 444 1071 509 mittam
1094 445 1130 508 Fi-

203 533 315 596 liolum
346 553 453 595 meum
484 529 718 616 Hieronymum
739 532 886 596 nondum
914 533 1131 618 quinquennem,

204 620 288 684 Aldo
311 641 421 703 parem
443 619 585 704 ingenio,
607 620 789 684 valetudine
802 620 986 704 firmiorem,
1006 623 1131 685 mandare

203 709 403 792 Epidaurum
425 709 466 772 ad
487 707 652 772 hominem
665 707 826 772 eruditum
848 709 975 794 meique
993 731 1132 793 peraman-

203 802 282 880 tem,
313 796 451 861 Paulum
472 794 620 878 Bonum,
643 796 834 880 cogitabam.
879 797 930 861 Ibi
958 798 1089 862 moribus
1111 803 1133 861 el

204 885 316 970 primis
344 885 445 949 literis
473 885 648 966 imbuetur3
675 905 752 948 nam
775 905 836 969 ego
864 907 915 949 me
938 886 981 949 ad
1001 885 1073 950 haec
1092 887 1133 948 hu-

203 975 293 1038 milia
306 973 472 1038 demittere
494 974 584 1037 nullo
597 971 694 1036 modo
707 973 839 1055 possim.
867 972 952 1048 Quid
973 974 1133 1058 praeterea?

203 1061 294 1126 Nihil
319 1062 448 1126 scilicet
484 1060 589 1125 Immo
613 1060 748 1145 aliquid:
772 1061 889 1142 scribe,
912 1063 1029 1128 amabo
1049 1067 1085 1144 te,
1103 1063 1133 1126 ni

203 1150 342 1233 Murete,
364 1153 401 1215 ut
422 1149 606 1232 instituisti,
629 1171 726 1234 quam
749 1150 949 1234 saepissime3
974 1152 1133 1218 mehercule

204 1261 221 1302 e
244 1238 379 1302 summis
403 1241 498 1322 atque
520 1238 657 1302 assiduis
679 1260 748 1303 non
761 1237 858 1304 modo
880 1241 1133 1324 negotiaremur

203 1327 301 1392 etiam
333 1326 433 1391 animi
460 1327 544 1392 curis
575 1329 703 1390 tantum
731 1327 766 1390 in
792 1331 923 1392 tuarum
954 1329 1133 1413 epistolarem

203 1416 365 1501 elegantia
387 1419 421 1479 et
443 1415 600 1479 suavitate
624 1415 815 1499 conquiesco
844 1420 940 1501 atque
965 1417 1132 1481 etiamdum

203 1505 272 1586 ipse
296 1505 337 1567 ad
363 1507 395 1566 te
419 1505 537 1586 scribo,
565 1503 641 1588 quia
662 1506 695 1566 te
718 1503 798 1567 mihi
824 1509 1028 1588 praesentem
1053 1509 1133 1569 statuo

203 1595 413 1676 mutuumque
445 1591 529 1654 inter
556 1614 616 1656 nos
645 1613 825 1656 sermonem
852 1593 955 1678 fingo,
983 1593 1133 1658 incredibili

203 1679 368 1762 voluptate
382 1679 565 1762 perfundor.
593 1679 683 1744 Vale.
706 1679 862 1745 Venetiis.
892 1679 1048 1746 Hercules
1060 1704 1135 1747 meus.

204 1767 280 1851 quia
301 1767 404 1832 festus
417 1767 591 1832 hodiernus
606 1769 673 1833 dies
687 1771 745 1851 est,
768 1769 873 1852 abest3
897 1769 970 1834 ideo
993 1772 1069 1836 haee
1084 1793 1135 1834 nes

203 1876 310 1940 manu,
334 1856 437 1922 decies
460 1857 692 1940 interpellatus,
715 1857 850 1926 exaravi.

599 2017 759 2026 -——-.—--=

655 2103 712 2169 IV.

362 2271 364 2276 v
392 2229 441 2304 M.
470 2229 713 2304 ANTONIUS
740 2231 965 2320 MURETUS

651 2349 673 2390 S.
687 2350 714 2390 D.

520 2436 643 2492 PAULO
661 2438 841 2497 MANUTIO.

267 2557 362 2634 Quod
383 2567 416 2628 te
431 2586 450 2628 a
464 2565 548 2628 curis
571 2565 721 2630 omnibus
744 2565 995 2650 acquiescerem
1017 2583 1137 2629 mearum

197 2643 412 2808 {plistolatrptrp
443 2653 603 2806 offigantia
635 2675 674 2718 ac
706 2654 987 2808 mitatetadicis3
1019 2671 1138 2796 agnoscit·

243 2754 335 2804 mam
403 2765 436 2807 m
497 2763 627 2806 amtne
650 2764 690 2808 ue
782 2763 856 2806 en1
903 2763 989 2806 me1
1036 2759 1128 2806 orou

196 2813 232 2878 in
256 2827 339 2920 meis
364 2832 535 2917 quicquam
557 2765 652 2914 possi
678 2821 812 2916 reperiri
834 2761 1137 2916 elegantiainpuiem.

195 2899 313 3012 Scrrtro
330 2921 416 2986 enim
440 2921 480 2985 ad
494 2925 527 2984 te
550 2919 620 2984 sine
634 2921 700 2985 ulla
714 2943 798 3004 cura,
821 2919 972 3005 quicquid
989 2919 1025 2982 iu
1047 2917 1138 2985 solun,

193 2992 391 3094 utdieaur,
418 3015 452 3076 et
474 3010 550 3075 dum
572 3008 634 3073 tibi
656 3009 756 3074 animi
782 3009 846 3073 mci
874 3029 987 3072 sensus
1009 3004 1138 3090 aperiam.

192 3081 318 3175 quibus
343 3098 377 3164 id
399 3101 504 3165 verbis
527 3097 644 3163 faciam
666 3120 733 3162 non
755 3097 876 3162 laboro.
913 3095 1004 3172 Quod
1027 3116 1064 3158 eo
1077 3091 1138 3155 dico.

190 3177 273 3238 qum
309 3191 497 3271 scrupulum
525 3187 685 3272 quendam
717 3186 855 3251 iniecisti
885 3185 966 3249 mihi
996 3203 1093 3267 nuper
1114 3177 1138 3239 in

188 3260 361 3356 sermOHta
385 3298 457 3341 cum
471 3275 667 3361 significares
681 3279 714 3340 te
736 3274 880 3357 epistolis
893 3273 968 3357 tuis,
991 3273 1016 3337 si
1032 3266 1139 3356 quando

187 3346 246 3396 ⁰28
279 3347 485 3449 divulgares,
512 3365 594 3429 velle
621 3363 789 3428 admisceri
816 3362 972 3448 quasdam
998 3361 1089 3424 etiam
1109 3351 1138 3452 sd

245 3445 357 3514 meas,
403 3453 443 3518 In
466 3455 589 3538 quotu
612 3451 709 3516 ctiam
732 3454 828 3534 atque
851 3451 949 3514 etiam
970 3449 1054 3531 vide,
1079 3439 1138 3529 qud

183 3519 282 3586 ³3³⁸·
325 3531 415 3606 Nam
443 3561 503 3625 ego
532 3537 660 3624 quidem
686 3539 768 3603 nihil
794 3559 937 3622 unquam
959 3535 1018 3623 (ita
1044 3539 1076 3600 tu
1099 3551 1137 3594 ml
