2330 3944
404 191 539 248 ORATIO
558 192 593 247 x.
918 197 980 260 111
1057 235 1061 240 -

48 335 102 420 quis
131 340 191 421 est,
228 337 283 420 qui
316 339 349 401 et
379 358 430 402 res
463 338 594 422 cognitu
627 338 742 423 dignas
775 339 913 426 adferet,
951 347 983 408 et

47 447 86 488 eas
117 446 184 490 non
219 425 347 510 vulgari
378 447 481 509 neque
514 426 642 492 sordido
675 427 831 494 orationis
864 451 983 516 genere

47 513 149 596 efferat,
174 513 204 578 is
232 513 360 578 demum
387 515 490 580 bonus
513 517 547 578 et
568 515 657 579 utilis
680 516 806 581 dicendi
828 519 983 604 magister

46 602 192 666 habendus
220 606 278 668 est.
319 602 406 668 Vera
433 606 541 668 autem
569 604 728 688 sapientia
755 609 812 669 aut
842 607 911 691 illo,
943 629 982 672 ex

46 713 92 774 quo
117 691 274 756 hodierna
301 713 372 756 mea
403 691 578 776 disputatio
612 692 801 778 deprompta
833 697 894 778 est,
926 700 984 760 aut
1062 775 1066 782 ι

46 781 115 844 nullo
146 801 280 864 prorsus
313 800 429 866 genere
462 774 654 865 scriptorum
686 782 877 847 continetur.
920 781 982 848 Sed

45 868 153 952 longior
189 868 252 952 fui,
289 891 385 954 quam
421 870 584 954 putabam.
631 869 702 946 Qua
736 871 837 957 igitur
873 871 912 935 de
948 894 983 938 re

47 954 250 1040 Chrysostomi
294 958 545 1042 disputationem
590 959 749 1044 audiistis
791 960 829 1026 de
870 961 983 1025 eadem

45 1046 190 1198 affingis,
232 1046 260 1111 si
299 1045 387 1113 Deus
427 1048 528 1132 volet,
568 1047 786 1133 disputantem
827 1045 983 1116 Senecam

46 1155 74 1198 eu
104 1156 119 1199 e
148 1156 172 1200 s.
625 1169 631 1180 ·

425 1315 583 1326 *-

64 1527 336 1590 AGGRESSURUS
360 1528 548 1590 SATYRAM
572 1529 751 1589 TERTIAM
772 1528 957 1591 DECIMAM

393 1634 617 1696 IUVENALIS.

344 1787 559 1873 ORATIO
591 1789 664 1872 XI.

262 1965 380 2008 nnana
393 1965 499 2007 ROMAE
513 1963 597 2007 Anno
610 1965 749 2007 Mnaxxv.

99 2105 174 2174 Sum
197 2109 420 2174 constituerim
442 2108 608 2174 vobiscum
631 2128 696 2172 una
719 2107 867 2173 evolvere
887 2111 985 2192 atque

44 2201 172 2262 excutere
204 2198 324 2262 librum
357 2195 495 2262 Senecae
528 2197 567 2262 de
598 2196 813 2282 providentia,
845 2196 985 2262 iudicavi

45 2285 176 2350 omnibus
198 2287 295 2350 nobis
319 2285 522 2351 commodum
539 2285 623 2370 fore,
646 2285 674 2349 si
692 2285 720 2348 is
738 2285 819 2349 liber
839 2306 984 2351 seorsum

43 2375 186 2439 secteris
215 2373 355 2440 Senecae
384 2374 533 2459 operibus
565 2395 637 2438 mea
665 2395 763 2458 opera
793 2369 985 2438 emendatus

42 2463 244 2538 excuderetur.
284 2462 334 2528 Ac
362 2463 531 2548 sperabam
557 2462 590 2526 id
620 2461 704 2546 fore,
737 2466 911 2546 antequam
943 2463 983 2526 ad

41 2546 87 2614 hes
111 2552 193 2618 mihi
220 2551 480 2636 iucundissimas,
511 2551 617 2634 vobis,
648 2553 686 2615 ut
713 2553 827 2617 merito
856 2573 984 2636 sperare

41 2639 149 2726 videor,
171 2662 241 2706 non
262 2642 415 2708 molestas
438 2639 682 2705 exercitationes
704 2640 888 2704 rediremus.
921 2638 984 2703 Sed

41 2727 119 2794 aliter
137 2730 267 2795 cecidit.
303 2729 432 2794 Interea
453 2729 566 2814 igitur,
594 2728 671 2793 dum
696 2728 751 2793 ille
774 2728 983 2813 pulcerrimus

39 2814 152 2884 libellus
177 2841 196 2883 a
219 2819 360 2884 librariis
383 2817 586 2901 describitur,
614 2817 719 2902 delegi
742 2817 899 2881 decimam
921 2819 984 2879 ter-

40 2904 105 2970 tiam
126 2906 293 2973 Iuvenalis
317 2905 479 2991 Satyram‚
505 2906 627 2990 inqua
653 2905 716 2971 hoc
743 2904 886 2968 triduum
910 2924 985 2968 con·

39 3012 235 3061 sumeremus.
271 2995 316 3060 Et
342 2995 483 3060 iucunda
505 2997 614 3058 autem
637 2997 669 3058 et
690 2993 779 3057 utilis
802 2992 888 3056 illius
912 3008 984 3054 evo-

38 3079 105 3148 lutio
134 3085 249 3150 futura
276 3087 333 3150 est.
370 3081 524 3148 Continet
551 3083 637 3148 enim
663 3081 782 3144 multas
810 3100 924 3166 graves
952 3083 987 3144 et

37 3173 119 3238 utiles
147 3175 327 3239 sententias
355 3173 485 3256 optimis
512 3171 617 3236 uerbis
641 3173 674 3233 et
701 3189 817 3254 genere
845 3170 986 3254 quodam

38 3257 152 3326 dicendi
172 3263 271 3346 salso,
288 3261 428 3346 festivos
441 3261 536 3326 hilari
555 3263 601 3343 et,
618 3262 655 3323 ut
673 3259 719 3322 ita
733 3258 850 3344 dicam,
868 3259 986 3340 vivide,

37 3351 109 3431 quod
137 3351 217 3417 huic
245 3354 360 3436 poetae
383 3350 549 3434 proprium
572 3369 609 3412 ao
632 3351 822 3433 perpetuum
846 3353 907 3432 est,
935 3369 985 3410 ex·

37 3438 172 3518 plicatas.
202 3437 316 3524 Neque
336 3438 416 3503 mihi
435 3439 603 3522 quisquam
621 3436 701 3500 illud
721 3436 881 3519 obiecerit,
905 3435 985 3498 mul·

36 3534 76 3592 tos
98 3551 173 3596 esse
196 3551 235 3594 ex
257 3527 382 3594 Latinis
405 3526 557 3592 Iuvenale
580 3525 728 3590 meliores
751 3528 872 3608 poetas.
908 3520 986 3585 Non
