2330 3944
383 176 518 233 ORATIO
537 176 609 232 XIV.
908 175 972 240 135

47 539 115 598 eon
134 534 444 596 amarulentus
462 534 582 608 nesus
600 533 779 598 inunum
796 535 972 597 vrusnu.

318 687 527 770 ORATIO
560 686 675 770 XIV.

145 865 260 906 HABITA
274 864 378 906 ROMAE
392 866 435 906 ΠΙ,
450 865 518 906 NON.
532 863 686 908 NOVEMBR.
699 864 850 906 nnnmx.

98 1023 193 1090 Utin
220 1025 350 1109 reliquis
372 1026 457 1090 vitae
484 1015 643 1110 partibus,
670 1025 777 1090 sicin
804 1023 917 1088 studiis
941 1026 975 1087 et

46 1115 73 1176 in
91 1115 206 1178 ratione
229 1113 354 1176 dicendi
376 1115 562 1198 plerumque
585 1113 757 1198 contingit,
784 1115 820 1176 nt
842 1112 974 1176 iuvenes

47 1201 154 1283 quidem
180 1201 284 1264 nitida
310 1204 343 1264 et
369 1201 410 1264 ad
432 1223 584 1285 pompam
607 1204 702 1284 atque
725 1201 975 1265 ostentationem

48 1289 279 1372 accommodata,
297 1310 389 1354 senes
408 1293 515 1354 autern
532 1289 624 1354 utilia
642 1289 746 1372 magis
761 1291 793 1352 et
809 1288 975 1352 fructuosa

48 1377 193 1440 delectent.
229 1376 341 1460 Itaque
364 1398 437 1462 ego,
458 1377 515 1460 qui
537 1377 614 1442 olim
635 1376 762 1441 florenti
785 1379 889 1438 aetate
909 1396 974 1438 om-

47 1486 91 1528 nes
106 1466 227 1548 lepores
244 1465 498 1548 festivitatesque
517 1464 654 1548 dicendi,
673 1467 829 1547 quantum
848 1462 975 1546 quidem

46 1553 73 1613 in
87 1575 130 1616 me
149 1554 247 1616 situm
270 1556 350 1636 erat,
373 1574 496 1617 summo
520 1552 625 1616 studio
649 1550 845 1635 aucupabar,
868 1553 900 1614 et
922 1571 975 1633 pe-

47 1647 115 1704 ctere
131 1662 167 1704 ac
186 1661 311 1705 comere
329 1662 402 1704 cum
420 1650 496 1705 cu'ra'
514 1641 692 1704 orationem
711 1638 866 1722 solebam,
889 1659 975 1702 nunc

47 1733 205 1811 adestote,
226 1730 273 1792 ita
295 1728 428 1793 consilio
451 1731 660 1811 commutato,
682 1727 851 1811 profutura
867 1727 975 1809 potius

46 1838 125 1898 quam
147 1818 345 1882 oblectatum
367 1819 556 1900 consect0r3'
572 1837 675 1900 neque
701 1815 824 1880 tamid
846 1835 977 1898 operam

49 1904 90 1988 do,
113 1909 148 1970 ut
174 1905 216 1968 ab
244 1905 297 1989 iis,
325 1905 379 1988 qui
407 1905 447 1969 ad
473 1926 525 1969 me
544 1904 745 1971 'audiendum
772 1903 977 1985 conveniunt,

48 1992 165 2058 disertus
192 1993 326 2076 habear,
357 2014 453 2077 quam
480 1996 517 2056 ut
547 1993 609 2077 ipsi
637 1992 743 2074 aliqua
769 2011 804 2054 re
831 1990 918 2054 bona
944 1993 978 2053 et

50 2079 128 2164 digna
153 2081 287 2165 cognitu
315 2082 442 2146 domum
470 2080 605 2144 redeant·
633 2080 800 2144 auctiores.
839 2077 884 2142 Et
915 2078 976 2142 hoe

47 2190 153 2252 quoque
180 2173 291 2233 tamen
317 2170 423 2252 ipsum
448 2169 606 2252 voluptati
632 2168 723 2232 vobis
751 2187 819 2230 esse
842 2166 977 2230 confido.

46 2254 140 2340 Neque
167 2257 255 2321 enim
281 2273 354 2322 vere
380 2278 465 2321 novo
489 2257 605 2341 segetis
631 2255 848 2321 herbescentis
871 2253 977 2318 viridi-

46 2348 85 2408 tas
108 2366 204 2428 quam
231 2345 341 2409 adulta
367 2347 487 2410 aestate
509 2344 709 2408 flavescentis
733 2346 765 2408 et
786 2343 901 2406 falcem
923 2364 977 2407 vo-

46 2434 132 2497 cantis
163 2433 346 2516 maturitas,
377 2453 480 2516 neque
512 2433 663 2496 arborum
693 2432 729 2495 in
758 2431 879 2514 primos
909 2451 978 2494 sese

45 2519 123 2585 dores
145 2521 349 2586 induentium
371 2541 467 2603 quam
490 2520 604 2603 opibus
627 2519 693 2584 suis
711 2518 927 2584 laborantium
946 2520 979 2582 et

45 2629 138 2672 earum
160 2609 303 2693 pondere
324 2608 613 2673 incurvescentium
630 2607 733 2692 magis
751 2627 812 2672 nos
831 2609 978 2689 aspectus

46 2696 179 2761 oblectat.

96 2783 192 2849 Nune
214 2785 313 2870 igitur
334 2783 495 2849 Aeneidos
517 2783 716 2868 Virgilianae
743 2779 979 2865 interpretatio·

45 2892 104 2936 uem
124 2874 343 2958 ingressurus,
365 2873 521 2956 poematis
535 2894 602 2936 non
624 2874 752 2935 tantum
773 2871 858 2934 inter
872 2868 980 2934 omnia

45 2957 147 3026 Latina
178 2961 248 3025 sine
279 2961 345 3025 ulla
376 2960 574 3024 dubitatione
606 2957 887 3042 praestantissimi,
924 2955 980 3020 sed

45 3049 125 3114 etiam
150 3047 302 3114 Graeciae
329 3048 464 3133 gloriam
490 3049 525 3112 in
553 3067 707 3131 magnum
734 3045 904 3109 discrimen
925 3063 981 3107 vo-

44 3137 147 3221 cantis,
179 3138 327 3202 omittam
353 3137 467 3219 multa,
499 3138 681 3218 quaeapte
713 3131 754 3196 ed
786 3131 918 3215 plausus
948 3134 981 3194 et

44 3225 185 3292 clamores
214 3225 400 3289 excitandos
427 3225 462 3288 in
488 3222 550 3288 hoc
579 3222 768 3306 argumento
797 3219 858 3284 dici
886 3239 981 3305 posse

9 3397 10 3400 Ἴ
42 3311 121 3378 facile
151 3313 312 3398 intelligo,
339 3314 586 3394 convertamque
614 3309 792 3374 orationem
814 3329 918 3372 meam
941 3307 982 3371 ad

9 3471 10 3488 ,
43 3401 232 3482 quarundam
245 3422 351 3465 rerum
364 3401 603 3480 tractationem,
622 3419 701 3480 quas
720 3418 792 3480 spes
812 3400 861 3459 est
878 3415 983 3478 neque

42 3489 124 3555 nimis
158 3511 343 3555 communes
375 3509 412 3552 ac
444 3487 612 3570 contritas,
643 3505 746 3568 neque
782 3483 904 3548 alienas
940 3482 983 3544 ab
