2328 3956
249 185 254 196 ’
328 201 509 256 acrenoan
527 203 623 258 cxxi.
842 209 846 216 ·
914 201 957 267 95

29 341 131 406 crambe
152 343 227 427 quid
241 344 352 410 audine
376 347 486 411 soleat.
524 344 586 413 Sed
610 367 678 412 non
690 367 823 431 possum
840 348 956 427 facere,

28 429 87 511 quin
105 431 160 496 tibi
188 432 317 498 assidue
345 435 466 520 aliquid
494 437 601 500 oneris
628 436 802 520 imponam.
847 435 956 502 Ardec

28 517 177 584 incredibili
199 522 340 606 quadam
364 523 539 608 cupiditate
566 525 640 589 libri
663 525 827 590 cuiusdam
854 547 956 590 asma·

27 611 77 670 tum
97 606 244 693 Cypriani
266 610 373 691 Roris,
397 613 452 698 qui
476 616 593 698 quotus
617 614 668 698 sit,
690 615 812 679 nescio:
840 614 896 680 sed
919 635 957 678 ea

27 695 98 778 cigna
124 697 197 764 huic
229 700 387 784 epistolae
420 701 602 780 submotam,
636 724 674 766 ex
706 703 821 787 quibus
853 703 957 788 facile,

27 784 82 867 quid
105 787 210 867 velim,
238 789 381 875 intelligi
407 791 519 874 possit.
568 790 617 856 Ae
645 791 731 876 vide,
758 795 956 876 quantopere

26 877 65 936 tua
86 875 236 942 facilitate
266 879 390 944 abutar.
439 879 547 944 Velim
575 884 608 944 te
637 883 670 944 et
695 901 753 963 per
779 883 812 944 te
840 883 873 945 et
899 901 957 963 per

27 961 119 1029 amcos
149 987 284 1050 operam
312 967 404 1052 dare,
434 971 472 1034 ut
503 989 578 1033 sum
605 969 745 1054 reperias
777 972 810 1033 et
837 968 878 1032 ad
905 990 957 1032 me

27 1052 122 1133 mittas,
142 1056 310 1142 precibus,
333 1057 453 1141 pretiO,
476 1077 605 1142 quoquo
628 1057 734 1123 modo.
778 1058 855 1123 Mea
876 1057 958 1122 scibat

25 1139 99 1220 refert,
120 1143 164 1208 ait
187 1145 377 1210 adolescens
396 1147 451 1210 ille
471 1145 692 1232 Terentianus,
716 1145 791 1211 damn
806 1148 922 1230 potior.
930 1143 956 1232 1)

26 1226 146 1296 lancula
168 1254 221 1298 res
244 1234 347 1299 videri
370 1238 491 1320 potest3
516 1235 572 1300 sed
584 1238 695 1300 tamen
709 1255 863 1320 magnum
877 1234 957 1298 mihi

27 1320 78 1380 ate
98 1320 239 1387 officium
266 1323 426 1388 tributum
452 1323 588 1409 putabo,
616 1325 643 1388 si
665 1323 749 1388 hanc
775 1323 957 1388 molestiam

25 1425 75 1469 nea
93 1429 204 1476 caussa
233 1412 396 1497 suscipere
424 1433 462 1477 ac
489 1413 642 1478 devorare
668 1433 737 1477 non
764 1412 957 1497 gravaberis.

25 1491 74 1558 Hoc
96 1497 194 1583 igitur
222 1501 272 1566 ita
294 1523 314 1564 a
336 1503 369 1564 te
397 1504 486 1586 peto,
513 1504 551 1566 ut
578 1501 743 1566 ardentius
771 1523 809 1566 ae
835 1501 956 1566 maiore

26 1584 103 1650 sudio
128 1591 253 1672 petere,
281 1589 344 1655 hoc
372 1589 500 1673 quidem
527 1594 686 1675 ternpore,
716 1590 799 1656 nihil
825 1589 957 1675 possim.

25 1669 76 1752 Fer,
106 1699 226 1762 quaeso
257 1681 304 1758 te,
341 1678 404 1743 hoc
433 1680 580 1764 ineptum
613 1680 754 1744 studium
785 1701 892 1743 meum
925 1681 958 1741 et

25 1763 113 1850 amico,
141 1768 237 1852 qnasi
267 1768 463 1853 aegrotanti,
496 1769 678 1854 obsequere.
732 1767 818 1833 Ama
846 1789 898 1831 me
926 1769 958 1829 et

25 1852 212 1922 valetudinem
249 1860 342 1922 tuam
379 1877 464 1922 cura.
522 1856 654 1924 Romae.
690 1873 759 1924 nv.
792 1855 865 1921 Kal.
897 1855 956 1920 Iul.

25 1955 174 2011 nnanxxn.

399 2053 551 2063 ...ψ-...-

423 2163 529 2232 LXXI

186 2283 238 2356 M.
266 2283 511 2359 ANTONIUS
538 2283 762 2359 MURETUS

55 2398 328 2459 nansnnrssmro
347 2403 435 2458 vinco
454 2402 606 2458 rcnnno
625 2398 913 2457 nacnrsmscoro

210 2499 344 2556 MEDICI
361 2499 536 2555 nP1sc0P0
555 2498 751 2584 Anarcansr

434 2597 456 2638 Ι.
470 2597 494 2638 P.
507 2597 536 2638 D.

73 2685 107 2750 In
125 2689 265 2754 summis
284 2687 459 2773 doloribus,
483 2689 598 2774 quibus
616 2689 756 2754 vexabar
775 2710 814 2752 ex
832 2687 958 2772 ingenti

27 2775 139 2852 quadam
156 2779 191 2844 vi
211 2777 317 2842 flavae
331 2775 415 2861 bilis,
440 2799 521 2862 quae
537 2777 591 2843 diu
604 2799 662 2861 per
675 2780 780 2843 totam
794 2776 958 2841 sinistram

28 2867 143 2958 corporis
175 2868 243 2932 mei
272 2869 401 2951 partem
431 2870 578 2952 grassata
613 2866 745 2930 tandem
777 2865 812 2930 in
844 2865 957 2930 tibiam

27 2953 166 3020 sinistram
193 2959 267 3021 tota
295 2954 504 3039 decubuerat,
532 2955 649 3019 allatae
676 2955 756 3019 mihi
784 2956 861 3019 sunt
883 2976 903 3017 a
925 2957 957 3018 te

26 3035 135 3126 litterae,
157 3043 296 3128 Iuliane,
319 3042 453 3108 Praesul
473 3043 679 3128 amplissime,
700 3046 841 3108 veterem
859 3043 958 3130 illam,

27 3133 196 3208 quadrais
221 3153 350 3216 omnes,
377 3131 613 3198 humanitatem
635 3136 726 3198 tuam
749 3132 958 3218 singularem·

28 3235 71 3295 que
90 3242 240 3307 amorem,
264 3241 361 3307 quem
385 3241 462 3306 erga
484 3243 535 3286 me
553 3222 618 3286 iam
637 3222 761 3307 pridem
780 3223 959 3307 suscepisti,

28 3307 94 3372 anni
115 3331 153 3374 ex
176 3315 270 3395 parte
291 3310 465 3394 spirantes:
491 3333 572 3396 quae
586 3311 667 3375 mihi
680 3311 875 3380 levationem
890 3313 958 3398 qui-

28 3389 81 3459 dem
104 3399 245 3484 aliquam
273 3397 395 3464 doloris
423 3401 615 3482 attulerunt,
641 3421 746 3486 neque
773 3404 884 3467 tamen
911 3402 958 3464 ita

81 3554 98 3620 ¹)
113 3556 184 3615 aun.
201 3557 236 3612 11.
256 3563 282 3629 a,
301 3563 344 3613 ne.
