<?xml version="1.0" encoding="UTF-8"?>
<!DOCTYPE html PUBLIC "-//W3C//DTD XHTML 1.0 Transitional//EN"
    "http://www.w3.org/TR/xhtml1/DTD/xhtml1-transitional.dtd">
<html xmlns="http://www.w3.org/1999/xhtml" xml:lang="en" lang="en">
 <head>
  <title>
</title>
<meta http-equiv="Content-Type" content="text/html;charset=utf-8" />
  <meta name='ocr-system' content='tesseract 3.04.00' />
  <meta name='ocr-capabilities' content='ocr_page ocr_carea ocr_par ocr_line ocrx_word'/>
</head>
<body>
  <div class='ocr_page' id='page_1' title='image "./mantoniimuretis00freygoog_0321.png"; bbox 0 0 2328 3956; ppageno 0'>
   <div class='ocr_carea' id='block_1_1' title="bbox 517 182 799 239">
    <p class='ocr_par' dir='ltr' id='par_1_1' title="bbox 517 182 799 239">
     <span class='ocr_line' id='line_1_1' title="bbox 517 182 799 239; baseline -0.004 0"><span class='ocrx_word' id='word_1_1' title='bbox 517 183 696 239; x_wconf 75' lang='lat' dir='ltr'><strong>EPISTULA</strong></span> <span class='ocrx_word' id='word_1_2' title='bbox 714 182 799 238; x_wconf 81' lang='lat' dir='ltr'>LXII.</span> 
     </span>
    </p>
   </div>
   <div class='ocr_carea' id='block_1_2' title="bbox 371 379 944 584">
    <p class='ocr_par' dir='ltr' id='par_1_2' title="bbox 371 379 944 584">
     <span class='ocr_line' id='line_1_2' title="bbox 618 379 719 446; baseline 0.02 -2"><span class='ocrx_word' id='word_1_3' title='bbox 618 379 719 446; x_wconf 86' lang='lat' dir='ltr'>LXII.</span> 
     </span>
     <span class='ocr_line' id='line_1_3' title="bbox 371 507 944 584; baseline -0.003 0"><span class='ocrx_word' id='word_1_4' title='bbox 371 510 420 584; x_wconf 82' lang='lat' dir='ltr'>M.</span> <span class='ocrx_word' id='word_1_5' title='bbox 447 507 691 582; x_wconf 82' lang='lat' dir='ltr'><strong>ANTONIUS</strong></span> <span class='ocrx_word' id='word_1_6' title='bbox 718 507 944 582; x_wconf 79' lang='lat' dir='ltr'>MURETUS</span> 
     </span>
    </p>
   </div>
   <div class='ocr_carea' id='block_1_3' title="bbox 408 645 908 791">
    <p class='ocr_par' dir='ltr' id='par_1_3' title="bbox 408 645 908 791">
     <span class='ocr_line' id='line_1_4' title="bbox 629 645 692 687; baseline -0.016 0"><span class='ocrx_word' id='word_1_7' title='bbox 629 645 651 687; x_wconf 80' lang='lat' dir='ltr'>S.</span> <span class='ocrx_word' id='word_1_8' title='bbox 664 645 692 686; x_wconf 85' lang='grc' dir='ltr'>Ι).</span> 
     </span>
     <span class='ocr_line' id='line_1_5' title="bbox 408 731 908 791; baseline -0.004 0"><span class='ocrx_word' id='word_1_9' title='bbox 408 731 603 791; x_wconf 84' lang='lat' dir='ltr'>SINIBALDO</span> <span class='ocrx_word' id='word_1_10' title='bbox 621 731 818 788; x_wconf 81' lang='grc' dir='ltr'><strong>ΑΝ-ΤΟΝΙΝΟ</strong></span> <span class='ocrx_word' id='word_1_11' title='bbox 838 731 908 789; x_wconf 80' lang='lat' dir='ltr'>SUO</span> 
     </span>
    </p>
   </div>
   <div class='ocr_carea' id='block_1_4' title="bbox 182 859 1126 3412">
    <p class='ocr_par' dir='ltr' id='par_1_4' title="bbox 182 859 1126 3412">
     <span class='ocr_line' id='line_1_6' title="bbox 249 859 1121 944; baseline -0.003 -18"><span class='ocrx_word' id='word_1_12' title='bbox 249 862 289 926; x_wconf 91' lang='lat' dir='ltr'>In</span> <span class='ocrx_word' id='word_1_13' title='bbox 312 862 445 928; x_wconf 88' lang='lat' dir='ltr'>summis</span> <span class='ocrx_word' id='word_1_14' title='bbox 473 861 738 944; x_wconf 73' lang='lat' dir='ltr'>occupationibus</span> <span class='ocrx_word' id='word_1_15' title='bbox 764 860 858 944; x_wconf 87' lang='lat' dir='ltr'>meis,</span> <span class='ocrx_word' id='word_1_16' title='bbox 886 859 1049 926; x_wconf 81' lang='lat' dir='ltr'>Sinibalde</span> <span class='ocrx_word' id='word_1_17' title='bbox 1069 859 1121 923; x_wconf 81' lang='lat' dir='ltr'>An·</span> 
     </span>
     <span class='ocr_line' id='line_1_7' title="bbox 182 948 1122 1036; baseline -0.005 -20"><span class='ocrx_word' id='word_1_18' title='bbox 182 952 307 1036; x_wconf 82' lang='lat' dir='ltr'>tonina,</span> <span class='ocrx_word' id='word_1_19' title='bbox 338 973 420 1036; x_wconf 87' lang='lat' dir='ltr'>quae</span> <span class='ocrx_word' id='word_1_20' title='bbox 446 971 497 1015; x_wconf 88' lang='lat' dir='ltr'>me</span> <span class='ocrx_word' id='word_1_21' title='bbox 524 950 682 1034; x_wconf 87' lang='lat' dir='ltr'>respirare</span> <span class='ocrx_word' id='word_1_22' title='bbox 710 948 764 1014; x_wconf 85' lang='lat' dir='ltr'>vix</span> <span class='ocrx_word' id='word_1_23' title='bbox 791 949 914 1034; x_wconf 86' lang='lat' dir='ltr'>sinunt,</span> <span class='ocrx_word' id='word_1_24' title='bbox 941 951 1009 1034; x_wconf 81' lang='lat' dir='ltr'>legi</span> <span class='ocrx_word' id='word_1_25' title='bbox 1030 951 1122 1014; x_wconf 88' lang='lat' dir='ltr'>tamen</span> 
     </span>
     <span class='ocr_line' id='line_1_8' title="bbox 182 1038 1122 1125; baseline -0.005 -21"><span class='ocrx_word' id='word_1_26' title='bbox 182 1039 357 1125; x_wconf 83' lang='lat' dir='ltr'>Dialogum</span> <span class='ocrx_word' id='word_1_27' title='bbox 379 1043 484 1124; x_wconf 85' lang='lat' dir='ltr'>tuum,</span> <span class='ocrx_word' id='word_1_28' title='bbox 507 1042 540 1103; x_wconf 91' lang='lat' dir='ltr'>et</span> <span class='ocrx_word' id='word_1_29' title='bbox 561 1039 762 1122; x_wconf 80' lang='lat' dir='ltr'>voluptatem</span> <span class='ocrx_word' id='word_1_30' title='bbox 783 1038 880 1124; x_wconf 81' lang='lat' dir='ltr'>longe</span> <span class='ocrx_word' id='word_1_31' title='bbox 902 1039 1074 1103; x_wconf 75' lang='lat' dir='ltr'><strong>maximam</strong></span> <span class='ocrx_word' id='word_1_32' title='bbox 1094 1059 1122 1099; x_wconf 86' lang='lat' dir='ltr'>ex</span> 
     </span>
     <span class='ocr_line' id='line_1_9' title="bbox 184 1126 1123 1213; baseline -0.004 -21"><span class='ocrx_word' id='word_1_33' title='bbox 184 1129 251 1193; x_wconf 91' lang='lat' dir='ltr'>eius</span> <span class='ocrx_word' id='word_1_34' title='bbox 280 1128 418 1193; x_wconf 85' lang='lat' dir='ltr'>lectione</span> <span class='ocrx_word' id='word_1_35' title='bbox 445 1126 581 1211; x_wconf 82' lang='lat' dir='ltr'>percepi.</span> <span class='ocrx_word' id='word_1_36' title='bbox 631 1126 843 1192; x_wconf 79' lang='lat' dir='ltr'>Delectanmt</span> <span class='ocrx_word' id='word_1_37' title='bbox 873 1149 924 1192; x_wconf 90' lang='lat' dir='ltr'>me</span> <span class='ocrx_word' id='word_1_38' title='bbox 948 1131 1123 1213; x_wconf 82' lang='lat' dir='ltr'>argumenta</span> 
     </span>
     <span class='ocr_line' id='line_1_10' title="bbox 184 1215 1123 1302; baseline -0.003 -22"><span class='ocrx_word' id='word_1_39' title='bbox 184 1220 217 1280; x_wconf 91' lang='lat' dir='ltr'>et</span> <span class='ocrx_word' id='word_1_40' title='bbox 245 1215 412 1300; x_wconf 82' lang='lat' dir='ltr'>ingeniose</span> <span class='ocrx_word' id='word_1_41' title='bbox 440 1217 622 1302; x_wconf 82' lang='lat' dir='ltr'>excogitata</span> <span class='ocrx_word' id='word_1_42' title='bbox 653 1219 687 1280; x_wconf 88' lang='lat' dir='ltr'>et</span> <span class='ocrx_word' id='word_1_43' title='bbox 718 1216 819 1280; x_wconf 87' lang='lat' dir='ltr'>densa</span> <span class='ocrx_word' id='word_1_44' title='bbox 850 1219 883 1280; x_wconf 90' lang='lat' dir='ltr'>et</span> <span class='ocrx_word' id='word_1_45' title='bbox 909 1216 1000 1302; x_wconf 85' lang='lat' dir='ltr'>vivo,</span> <span class='ocrx_word' id='word_1_46' title='bbox 1030 1220 1064 1281; x_wconf 89' lang='grc' dir='ltr'>ιιι</span> <span class='ocrx_word' id='word_1_47' title='bbox 1088 1216 1123 1278; x_wconf 83' lang='lat' dir='ltr'>ita</span> 
     </span>
     <span class='ocr_line' id='line_1_11' title="bbox 182 1303 1123 1390; baseline -0.005 -19"><span class='ocrx_word' id='word_1_48' title='bbox 182 1305 301 1390; x_wconf 86' lang='lat' dir='ltr'>dicam,</span> <span class='ocrx_word' id='word_1_49' title='bbox 324 1327 361 1370; x_wconf 90' lang='lat' dir='ltr'>ac</span> <span class='ocrx_word' id='word_1_50' title='bbox 384 1305 521 1389; x_wconf 75' lang='lat' dir='ltr'>spiranti</span> <span class='ocrx_word' id='word_1_51' title='bbox 544 1304 699 1370; x_wconf 89' lang='lat' dir='ltr'>orationis</span> <span class='ocrx_word' id='word_1_52' title='bbox 726 1325 844 1390; x_wconf 82' lang='lat' dir='ltr'>genere</span> <span class='ocrx_word' id='word_1_53' title='bbox 873 1325 1033 1390; x_wconf 86' lang='lat' dir='ltr'>expressa.</span> <span class='ocrx_word' id='word_1_54' title='bbox 1073 1303 1123 1367; x_wconf 86' lang='lat' dir='ltr'>Ita-</span> 
     </span>
     <span class='ocr_line' id='line_1_12' title="bbox 184 1393 1123 1479; baseline -0.002 -21"><span class='ocrx_word' id='word_1_55' title='bbox 184 1415 244 1478; x_wconf 90' lang='lat' dir='ltr'>que</span> <span class='ocrx_word' id='word_1_56' title='bbox 267 1397 304 1458; x_wconf 93' lang='lat' dir='ltr'>ut</span> <span class='ocrx_word' id='word_1_57' title='bbox 325 1393 545 1479; x_wconf 71' lang='lat' dir='ltr'>Pythagoram</span> <span class='ocrx_word' id='word_1_58' title='bbox 568 1393 660 1458; x_wconf 90' lang='lat' dir='ltr'>aiunt</span> <span class='ocrx_word' id='word_1_59' title='bbox 687 1415 704 1458; x_wconf 88' lang='lat' dir='ltr'>e</span> <span class='ocrx_word' id='word_1_60' title='bbox 731 1393 862 1460; x_wconf 85' lang='lat' dir='ltr'>modulo</span> <span class='ocrx_word' id='word_1_61' title='bbox 885 1394 993 1479; x_wconf 85' lang='lat' dir='ltr'>pedis,</span> <span class='ocrx_word' id='word_1_62' title='bbox 1020 1397 1123 1478; x_wconf 84' lang='lat' dir='ltr'>quanta</span> 
     </span>
     <span class='ocr_line' id='line_1_13' title="bbox 184 1481 1122 1566; baseline -0.005 -19"><span class='ocrx_word' id='word_1_63' title='bbox 184 1483 326 1566; x_wconf 88' lang='lat' dir='ltr'>corporis</span> <span class='ocrx_word' id='word_1_64' title='bbox 340 1484 424 1548; x_wconf 92' lang='lat' dir='ltr'>mole</span> <span class='ocrx_word' id='word_1_65' title='bbox 446 1483 562 1548; x_wconf 84' lang='lat' dir='ltr'>fuisset</span> <span class='ocrx_word' id='word_1_66' title='bbox 575 1481 740 1566; x_wconf 84' lang='lat' dir='ltr'>Hercules,</span> <span class='ocrx_word' id='word_1_67' title='bbox 761 1482 933 1547; x_wconf 90' lang='lat' dir='ltr'>iudicasse:</span> <span class='ocrx_word' id='word_1_68' title='bbox 958 1483 1007 1547; x_wconf 88' lang='lat' dir='ltr'>sic</span> <span class='ocrx_word' id='word_1_69' title='bbox 1029 1485 1061 1545; x_wconf 91' lang='lat' dir='ltr'>et</span> <span class='ocrx_word' id='word_1_70' title='bbox 1077 1502 1122 1564; x_wconf 86' lang='lat' dir='ltr'>ego</span> 
     </span>
     <span class='ocr_line' id='line_1_14' title="bbox 184 1569 1123 1655; baseline -0.001 -21"><span class='ocrx_word' id='word_1_71' title='bbox 184 1593 223 1635; x_wconf 87' lang='lat' dir='ltr'>ex</span> <span class='ocrx_word' id='word_1_72' title='bbox 250 1571 312 1636; x_wconf 92' lang='lat' dir='ltr'>hoc</span> <span class='ocrx_word' id='word_1_73' title='bbox 338 1572 428 1638; x_wconf 82' lang='lat' dir='ltr'>brevi</span> <span class='ocrx_word' id='word_1_74' title='bbox 455 1571 719 1637; x_wconf 88' lang='lat' dir='ltr'>commentariolo</span> <span class='ocrx_word' id='word_1_75' title='bbox 746 1569 841 1636; x_wconf 85' lang='lat' dir='ltr'>facile</span> <span class='ocrx_word' id='word_1_76' title='bbox 875 1571 913 1635; x_wconf 90' lang='lat' dir='ltr'>de</span> <span class='ocrx_word' id='word_1_77' title='bbox 940 1571 993 1636; x_wconf 89' lang='lat' dir='ltr'>tui</span> <span class='ocrx_word' id='word_1_78' title='bbox 1020 1569 1123 1655; x_wconf 84' lang='lat' dir='ltr'>ingeni</span> 
     </span>
     <span class='ocr_line' id='line_1_15' title="bbox 184 1657 1124 1744; baseline -0.003 -21"><span class='ocrx_word' id='word_1_79' title='bbox 184 1659 408 1744; x_wconf 82' lang='lat' dir='ltr'>magnitudino</span> <span class='ocrx_word' id='word_1_80' title='bbox 429 1681 467 1724; x_wconf 87' lang='lat' dir='ltr'>ac</span> <span class='ocrx_word' id='word_1_81' title='bbox 489 1659 689 1744; x_wconf 87' lang='lat' dir='ltr'>praestantia</span> <span class='ocrx_word' id='word_1_82' title='bbox 714 1659 862 1724; x_wconf 86' lang='lat' dir='ltr'>iudicavi.</span> <span class='ocrx_word' id='word_1_83' title='bbox 906 1657 1013 1726; x_wconf 86' lang='lat' dir='ltr'>Amor</span> <span class='ocrx_word' id='word_1_84' title='bbox 1035 1663 1124 1724; x_wconf 83' lang='lat' dir='ltr'>auten</span> 
     </span>
     <span class='ocr_line' id='line_1_16' title="bbox 183 1749 1124 1938; baseline 0 -36"><span class='ocrx_word' id='word_1_85' title='bbox 183 1769 275 1922; x_wconf 69' lang='lat' dir='ltr'>{tt</span> <span class='ocrx_word' id='word_1_86' title='bbox 290 1751 459 1922; x_wconf 58' lang='lat' dir='ltr'>”tlte</span> <span class='ocrx_word' id='word_1_87' title='bbox 477 1749 720 1921; x_wconf 51' lang='grc' dir='ltr'>ιιθᾞιιῗιῗί</span> <span class='ocrx_word' id='word_1_88' title='bbox 743 1750 949 1938; x_wconf 59' lang='lat' dir='ltr'>{smil</span> <span class='ocrx_word' id='word_1_89' title='bbox 966 1767 1124 1921; x_wconf 53' lang='lat' dir='ltr'>tta?</span> 
     </span>
     <span class='ocr_line' id='line_1_17' title="bbox 183 1924 1124 2016; baseline -0.001 -25"><span class='ocrx_word' id='word_1_90' title='bbox 183 1929 237 1991; x_wconf 88' lang='lat' dir='ltr'>tus</span> <span class='ocrx_word' id='word_1_91' title='bbox 260 1947 298 1991; x_wconf 87' lang='lat' dir='ltr'>ac</span> <span class='ocrx_word' id='word_1_92' title='bbox 319 1926 477 1992; x_wconf 86' lang='lat' dir='ltr'>iucundus</span> <span class='ocrx_word' id='word_1_93' title='bbox 495 1925 601 1992; x_wconf 83' lang='lat' dir='ltr'>fuerit.</span> <span class='ocrx_word' id='word_1_94' title='bbox 636 1924 750 2011; x_wconf 88' lang='lat' dir='ltr'>Neque</span> <span class='ocrx_word' id='word_1_95' title='bbox 773 1925 860 2016; x_wconf 89' lang='lat' dir='ltr'>enim</span> <span class='ocrx_word' id='word_1_96' title='bbox 881 1928 986 1991; x_wconf 91' lang='lat' dir='ltr'>ullum</span> <span class='ocrx_word' id='word_1_97' title='bbox 1000 1945 1124 2012; x_wconf 84' lang='lat' dir='ltr'>unquam</span> 
     </span>
     <span class='ocr_line' id='line_1_18' title="bbox 184 2011 1124 2100; baseline -0.002 -21"><span class='ocrx_word' id='word_1_98' title='bbox 184 2015 264 2079; x_wconf 91' lang='lat' dir='ltr'>mihi</span> <span class='ocrx_word' id='word_1_99' title='bbox 286 2015 442 2082; x_wconf 90' lang='lat' dir='ltr'>maiorem</span> <span class='ocrx_word' id='word_1_100' title='bbox 463 2015 550 2080; x_wconf 80' lang='lat' dir='ltr'>fruct</span> <span class='ocrx_word' id='word_1_101' title='bbox 535 2018 605 2080; x_wconf 91' lang='lat' dir='ltr'>tum</span> <span class='ocrx_word' id='word_1_102' title='bbox 618 2015 802 2100; x_wconf 79' lang='lat' dir='ltr'>vigiliarum</span> <span class='ocrx_word' id='word_1_103' title='bbox 825 2011 862 2080; x_wconf 86' lang='lat' dir='ltr'>ac</span> <span class='ocrx_word' id='word_1_104' title='bbox 882 2015 1034 2081; x_wconf 87' lang='lat' dir='ltr'>laborum</span> <span class='ocrx_word' id='word_1_105' title='bbox 1056 2035 1124 2078; x_wconf 90' lang='lat' dir='ltr'>meo-</span> 
     </span>
     <span class='ocr_line' id='line_1_19' title="bbox 183 2104 1124 2209; baseline -0.004 -41"><span class='ocrx_word' id='word_1_106' title='bbox 183 2125 256 2168; x_wconf 87' lang='lat' dir='ltr'>rum</span> <span class='ocrx_word' id='word_1_107' title='bbox 287 2105 454 2190; x_wconf 76' lang='lat' dir='ltr'>proposui,</span> <span class='ocrx_word' id='word_1_108' title='bbox 491 2125 588 2189; x_wconf 86' lang='lat' dir='ltr'>quam</span> <span class='ocrx_word' id='word_1_109' title='bbox 617 2107 703 2168; x_wconf 89' lang='lat' dir='ltr'>uta</span> <span class='ocrx_word' id='word_1_110' title='bbox 733 2104 783 2169; x_wconf 88' lang='lat' dir='ltr'>tui</span> <span class='ocrx_word' id='word_1_111' title='bbox 815 2104 976 2169; x_wconf 82' lang='lat' dir='ltr'>similibus</span> <span class='ocrx_word' id='word_1_112' title='bbox 1010 2124 1124 2209; x_wconf 37' lang='lat' dir='ltr'>amarer..</span> 
     </span>
     <span class='ocr_line' id='line_1_20' title="bbox 185 2185 1124 2294; baseline -0.005 -37"><span class='ocrx_word' id='word_1_113' title='bbox 185 2191 290 2268; x_wconf 79' lang='lat' dir='ltr'>Quare</span> <span class='ocrx_word' id='word_1_114' title='bbox 314 2195 376 2258; x_wconf 86' lang='lat' dir='ltr'>etsi</span> <span class='ocrx_word' id='word_1_115' title='bbox 396 2216 464 2258; x_wconf 92' lang='lat' dir='ltr'>non</span> <span class='ocrx_word' id='word_1_116' title='bbox 487 2213 629 2294; x_wconf 79' lang='lat' dir='ltr'>agnosco</span> <span class='ocrx_word' id='word_1_117' title='bbox 651 2213 705 2257; x_wconf 84' lang='lat' dir='ltr'>eas</span> <span class='ocrx_word' id='word_1_118' title='bbox 728 2193 852 2278; x_wconf 82' lang='lat' dir='ltr'>laudes,</span> <span class='ocrx_word' id='word_1_119' title='bbox 880 2213 960 2278; x_wconf 87' lang='lat' dir='ltr'>quas</span> <span class='ocrx_word' id='word_1_120' title='bbox 989 2197 1027 2259; x_wconf 91' lang='lat' dir='ltr'>tu</span> <span class='ocrx_word' id='word_1_121' title='bbox 1053 2185 1124 2278; x_wconf 72' lang='grc' dir='ltr'><em>αὐτώ</em></span> 
     </span>
     <span class='ocr_line' id='line_1_21' title="bbox 183 2256 1124 2370; baseline -0.001 -27"><span class='ocrx_word' id='word_1_122' title='bbox 183 2281 233 2367; x_wconf 76' lang='grc' dir='ltr'>τῷ</span> <span class='ocrx_word' id='word_1_123' title='bbox 252 2277 405 2370; x_wconf 76' lang='grc' dir='ltr'><em>θυλάκῳ,</em></span> <span class='ocrx_word' id='word_1_124' title='bbox 427 2285 465 2346; x_wconf 90' lang='lat' dir='ltr'>ut</span> <span class='ocrx_word' id='word_1_125' title='bbox 487 2283 591 2366; x_wconf 89' lang='lat' dir='ltr'>aiunt,</span> <span class='ocrx_word' id='word_1_126' title='bbox 619 2281 655 2345; x_wconf 92' lang='lat' dir='ltr'>in</span> <span class='ocrx_word' id='word_1_127' title='bbox 682 2303 733 2345; x_wconf 90' lang='lat' dir='ltr'>me</span> <span class='ocrx_word' id='word_1_128' title='bbox 756 2282 918 2366; x_wconf 82' lang='lat' dir='ltr'>congeris:</span> <span class='ocrx_word' id='word_1_129' title='bbox 946 2256 1124 2348; x_wconf 76' lang='lat' dir='ltr'>summoti·</span> 
     </span>
     <span class='ocr_line' id='line_1_22' title="bbox 184 2347 1125 2454; baseline -0.001 -22"><span class='ocrx_word' id='word_1_130' title='bbox 184 2391 260 2433; x_wconf 89' lang='lat' dir='ltr'>men</span> <span class='ocrx_word' id='word_1_131' title='bbox 282 2390 355 2435; x_wconf 90' lang='lat' dir='ltr'>amo</span> <span class='ocrx_word' id='word_1_132' title='bbox 367 2347 478 2435; x_wconf 91' lang='lat' dir='ltr'>istum</span> <span class='ocrx_word' id='word_1_133' title='bbox 492 2391 643 2454; x_wconf 87' lang='lat' dir='ltr'>amorem,</span> <span class='ocrx_word' id='word_1_134' title='bbox 667 2371 721 2453; x_wconf 92' lang='lat' dir='ltr'>qui</span> <span class='ocrx_word' id='word_1_135' title='bbox 742 2370 804 2434; x_wconf 82' lang='lat' dir='ltr'>tibi</span> <span class='ocrx_word' id='word_1_136' title='bbox 816 2370 942 2435; x_wconf 90' lang='lat' dir='ltr'>homini</span> <span class='ocrx_word' id='word_1_137' title='bbox 958 2375 1030 2436; x_wconf 88' lang='lat' dir='ltr'>tam</span> <span class='ocrx_word' id='word_1_138' title='bbox 1049 2371 1125 2435; x_wconf 87' lang='lat' dir='ltr'>acuto</span> 
     </span>
     <span class='ocr_line' id='line_1_23' title="bbox 185 2458 1125 2544; baseline -0.003 -22"><span class='ocrx_word' id='word_1_139' title='bbox 185 2479 223 2522; x_wconf 89' lang='lat' dir='ltr'>ac</span> <span class='ocrx_word' id='word_1_140' title='bbox 244 2459 422 2542; x_wconf 85' lang='lat' dir='ltr'>perspicaci</span> <span class='ocrx_word' id='word_1_141' title='bbox 444 2460 594 2525; x_wconf 74' lang='lat' dir='ltr'>tenebras</span> <span class='ocrx_word' id='word_1_142' title='bbox 623 2458 772 2524; x_wconf 86' lang='lat' dir='ltr'>offuderit</span> <span class='ocrx_word' id='word_1_143' title='bbox 798 2479 898 2544; x_wconf 89' lang='lat' dir='ltr'>caque</span> <span class='ocrx_word' id='word_1_144' title='bbox 926 2459 966 2525; x_wconf 88' lang='lat' dir='ltr'>de</span> <span class='ocrx_word' id='word_1_145' title='bbox 994 2481 1046 2525; x_wconf 90' lang='lat' dir='ltr'>mc</span> <span class='ocrx_word' id='word_1_146' title='bbox 1070 2479 1125 2522; x_wconf 86' lang='lat' dir='ltr'>sen-</span> 
     </span>
     <span class='ocr_line' id='line_1_24' title="bbox 184 2545 1125 2635; baseline 0 -26"><span class='ocrx_word' id='word_1_147' title='bbox 184 2545 245 2609; x_wconf 88' lang='lat' dir='ltr'>tire</span> <span class='ocrx_word' id='word_1_148' title='bbox 278 2567 315 2610; x_wconf 92' lang='lat' dir='ltr'>ac</span> <span class='ocrx_word' id='word_1_149' title='bbox 346 2547 531 2630; x_wconf 87' lang='lat' dir='ltr'>praedicare</span> <span class='ocrx_word' id='word_1_150' title='bbox 564 2548 718 2633; x_wconf 72' lang='lat' dir='ltr'>coigerit,</span> <span class='ocrx_word' id='word_1_151' title='bbox 750 2569 831 2633; x_wconf 89' lang='lat' dir='ltr'>quae</span> <span class='ocrx_word' id='word_1_152' title='bbox 863 2569 905 2612; x_wconf 90' lang='lat' dir='ltr'>ne</span> <span class='ocrx_word' id='word_1_153' title='bbox 936 2551 974 2612; x_wconf 92' lang='lat' dir='ltr'>tu</span> <span class='ocrx_word' id='word_1_154' title='bbox 1005 2547 1125 2635; x_wconf 86' lang='lat' dir='ltr'>quiden,</span> 
     </span>
     <span class='ocr_line' id='line_1_25' title="bbox 186 2635 1125 2722; baseline -0.003 -23"><span class='ocrx_word' id='word_1_155' title='bbox 186 2656 381 2720; x_wconf 86' lang='lat' dir='ltr'>quamquam</span> <span class='ocrx_word' id='word_1_156' title='bbox 404 2636 541 2702; x_wconf 86' lang='lat' dir='ltr'>disertus</span> <span class='ocrx_word' id='word_1_157' title='bbox 564 2658 612 2720; x_wconf 87' lang='lat' dir='ltr'>es,</span> <span class='ocrx_word' id='word_1_158' title='bbox 639 2636 695 2700; x_wconf 88' lang='lat' dir='ltr'>alii</span> <span class='ocrx_word' id='word_1_159' title='bbox 723 2635 872 2722; x_wconf 88' lang='lat' dir='ltr'>cuiquam</span> <span class='ocrx_word' id='word_1_160' title='bbox 894 2635 988 2702; x_wconf 87' lang='lat' dir='ltr'>facile</span> <span class='ocrx_word' id='word_1_161' title='bbox 1011 2656 1125 2722; x_wconf 84' lang='lat' dir='ltr'>persua-</span> 
     </span>
     <span class='ocr_line' id='line_1_26' title="bbox 186 2724 1125 2811; baseline -0.002 -23"><span class='ocrx_word' id='word_1_162' title='bbox 186 2724 259 2789; x_wconf 90' lang='lat' dir='ltr'>dere</span> <span class='ocrx_word' id='word_1_163' title='bbox 281 2745 403 2808; x_wconf 86' lang='lat' dir='ltr'>posses.</span> <span class='ocrx_word' id='word_1_164' title='bbox 439 2725 613 2811; x_wconf 84' lang='lat' dir='ltr'>Dialogum</span> <span class='ocrx_word' id='word_1_165' title='bbox 637 2725 713 2790; x_wconf 86' lang='lat' dir='ltr'>edas</span> <span class='ocrx_word' id='word_1_166' title='bbox 735 2745 864 2790; x_wconf 90' lang='lat' dir='ltr'>censeo:</span> <span class='ocrx_word' id='word_1_167' title='bbox 887 2727 964 2791; x_wconf 92' lang='lat' dir='ltr'>nolo</span> <span class='ocrx_word' id='word_1_168' title='bbox 989 2727 1073 2790; x_wconf 91' lang='lat' dir='ltr'>enim</span> <span class='ocrx_word' id='word_1_169' title='bbox 1091 2724 1125 2786; x_wconf 82' lang='lat' dir='ltr'>ita</span> 
     </span>
     <span class='ocr_line' id='line_1_27' title="bbox 185 2811 1126 2899; baseline -0.003 -22"><span class='ocrx_word' id='word_1_170' title='bbox 185 2815 311 2879; x_wconf 89' lang='lat' dir='ltr'>modest</span> <span class='ocrx_word' id='word_1_171' title='bbox 296 2817 349 2878; x_wconf 89' lang='lat' dir='ltr'>tus</span> <span class='ocrx_word' id='word_1_172' title='bbox 380 2813 494 2899; x_wconf 82' lang='lat' dir='ltr'>videri,</span> <span class='ocrx_word' id='word_1_173' title='bbox 530 2818 568 2878; x_wconf 89' lang='grc' dir='ltr'>ιιι</span> <span class='ocrx_word' id='word_1_174' title='bbox 607 2813 729 2898; x_wconf 83' lang='lat' dir='ltr'>gloriae</span> <span class='ocrx_word' id='word_1_175' title='bbox 764 2817 840 2878; x_wconf 86' lang='lat' dir='ltr'>tuae</span> <span class='ocrx_word' id='word_1_176' title='bbox 874 2835 948 2878; x_wconf 88' lang='lat' dir='ltr'>mea</span> <span class='ocrx_word' id='word_1_177' title='bbox 983 2811 1126 2879; x_wconf 84' lang='lat' dir='ltr'>modestia</span> 
     </span>
     <span class='ocr_line' id='line_1_28' title="bbox 186 2900 1125 2986; baseline -0.002 -18"><span class='ocrx_word' id='word_1_178' title='bbox 186 2903 301 2968; x_wconf 89' lang='lat' dir='ltr'>obstet.</span> <span class='ocrx_word' id='word_1_179' title='bbox 337 2900 461 2968; x_wconf 82' lang='lat' dir='ltr'>Auctor</span> <span class='ocrx_word' id='word_1_180' title='bbox 483 2902 570 2966; x_wconf 91' lang='lat' dir='ltr'>enim</span> <span class='ocrx_word' id='word_1_181' title='bbox 591 2902 653 2966; x_wconf 91' lang='lat' dir='ltr'>tibi</span> <span class='ocrx_word' id='word_1_182' title='bbox 676 2923 760 2986; x_wconf 86' lang='lat' dir='ltr'>sum,</span> <span class='ocrx_word' id='word_1_183' title='bbox 783 2905 820 2968; x_wconf 89' lang='lat' dir='ltr'>nt</span> <span class='ocrx_word' id='word_1_184' title='bbox 838 2903 905 2968; x_wconf 86' lang='lat' dir='ltr'>alta</span> <span class='ocrx_word' id='word_1_185' title='bbox 927 2904 1125 2968; x_wconf 79' lang='lat' dir='ltr'>meditercac</span> 
     </span>
     <span class='ocr_line' id='line_1_29' title="bbox 184 2991 1125 3078; baseline -0.003 -22"><span class='ocrx_word' id='word_1_186' title='bbox 184 2992 360 3078; x_wconf 72' lang='lat' dir='ltr'>prorutas,</span> <span class='ocrx_word' id='word_1_187' title='bbox 382 3012 486 3078; x_wconf 88' lang='lat' dir='ltr'>noque</span> <span class='ocrx_word' id='word_1_188' title='bbox 509 2991 697 3056; x_wconf 84' lang='lat' dir='ltr'>reformides</span> <span class='ocrx_word' id='word_1_189' title='bbox 721 2992 880 3057; x_wconf 75' lang='lat' dir='ltr'>obtrectat</span> <span class='ocrx_word' id='word_1_190' title='bbox 831 2995 974 3057; x_wconf 91' lang='lat' dir='ltr'>tatorum</span> <span class='ocrx_word' id='word_1_191' title='bbox 997 2992 1125 3058; x_wconf 81' lang='lat' dir='ltr'>voculas:</span> 
     </span>
     <span class='ocr_line' id='line_1_30' title="bbox 187 3077 1126 3166; baseline 0 -22"><span class='ocrx_word' id='word_1_192' title='bbox 187 3100 267 3163; x_wconf 91' lang='lat' dir='ltr'>quae</span> <span class='ocrx_word' id='word_1_193' title='bbox 299 3083 335 3146; x_wconf 91' lang='lat' dir='ltr'>in</span> <span class='ocrx_word' id='word_1_194' title='bbox 365 3079 571 3166; x_wconf 86' lang='lat' dir='ltr'>proscenium</span> <span class='ocrx_word' id='word_1_195' title='bbox 606 3080 779 3164; x_wconf 86' lang='lat' dir='ltr'>prodeunti</span> <span class='ocrx_word' id='word_1_196' title='bbox 814 3081 964 3146; x_wconf 85' lang='lat' dir='ltr'>nonnihil</span> <span class='ocrx_word' id='word_1_197' title='bbox 994 3077 1126 3146; x_wconf 83' lang='lat' dir='ltr'>fortassis</span> 
     </span>
     <span class='ocr_line' id='line_1_31' title="bbox 185 3169 1126 3254; baseline -0.002 -22"><span class='ocrx_word' id='word_1_198' title='bbox 185 3171 340 3235; x_wconf 84' lang='lat' dir='ltr'>molestae</span> <span class='ocrx_word' id='word_1_199' title='bbox 363 3170 490 3236; x_wconf 74' lang='lat' dir='ltr'>futurae</span> <span class='ocrx_word' id='word_1_200' title='bbox 514 3173 604 3254; x_wconf 84' lang='lat' dir='ltr'>sunt·</span> <span class='ocrx_word' id='word_1_201' title='bbox 575 3169 683 3235; x_wconf 87' lang='lat' dir='ltr'>tubi</span> <span class='ocrx_word' id='word_1_202' title='bbox 705 3169 767 3234; x_wconf 88' lang='lat' dir='ltr'>tibi</span> <span class='ocrx_word' id='word_1_203' title='bbox 790 3169 925 3234; x_wconf 89' lang='lat' dir='ltr'>semel</span> <span class='ocrx_word' id='word_1_204' title='bbox 915 3191 985 3254; x_wconf 88' lang='lat' dir='ltr'>rpse</span> <span class='ocrx_word' id='word_1_205' title='bbox 1011 3169 1126 3234; x_wconf 89' lang='lat' dir='ltr'>audien·</span> 
     </span>
     <span class='ocr_line' id='line_1_32' title="bbox 186 3255 1125 3340; baseline -0.004 -20"><span class='ocrx_word' id='word_1_206' title='bbox 186 3257 266 3320; x_wconf 88' lang='lat' dir='ltr'>tiam</span> <span class='ocrx_word' id='word_1_207' title='bbox 289 3257 416 3340; x_wconf 85' lang='lat' dir='ltr'>feceris,</span> <span class='ocrx_word' id='word_1_208' title='bbox 439 3281 500 3324; x_wconf 91' lang='lat' dir='ltr'>con</span> <span class='ocrx_word' id='word_1_209' title='bbox 500 3259 663 3324; x_wconf 87' lang='lat' dir='ltr'>ticescent.</span> <span class='ocrx_word' id='word_1_210' title='bbox 707 3257 800 3327; x_wconf 87' lang='lat' dir='ltr'>Vale.</span> <span class='ocrx_word' id='word_1_211' title='bbox 821 3258 953 3325; x_wconf 86' lang='lat' dir='ltr'>Romae.</span> <span class='ocrx_word' id='word_1_212' title='bbox 975 3257 1054 3324; x_wconf 89' lang='lat' dir='ltr'>Idib.</span> <span class='ocrx_word' id='word_1_213' title='bbox 1075 3255 1125 3320; x_wconf 86' lang='lat' dir='ltr'>De-</span> 
     </span>
     <span class='ocr_line' id='line_1_33' title="bbox 187 3347 501 3412; baseline -0.003 -1"><span class='ocrx_word' id='word_1_214' title='bbox 187 3347 287 3412; x_wconf 87' lang='lat' dir='ltr'>cemb.</span> <span class='ocrx_word' id='word_1_215' title='bbox 310 3363 501 3412; x_wconf 73' lang='lat' dir='ltr'>nnumin.</span> 
     </span>
    </p>
   </div>
   <div class='ocr_carea' id='block_1_5' title="bbox 587 3509 734 3522">
    <p class='ocr_par' dir='ltr' id='par_1_5' title="bbox 587 3509 734 3522">
     <span class='ocr_line' id='line_1_34' title="bbox 587 3509 734 3522; baseline 0 -3"><span class='ocrx_word' id='word_1_216' title='bbox 587 3509 734 3522; x_wconf 52' lang='grc' dir='ltr'>μ--σ-υ-συ</span> 
     </span>
    </p>
   </div>
   <div class='ocr_carea' id='block_1_6' title="bbox 0 0 1175 3956">
    <p class='ocr_par' dir='ltr' id='par_1_6' title="bbox 0 0 1175 3956">
     <span class='ocr_line' id='line_1_35' title="bbox 0 0 1175 3956; baseline 0 0"><span class='ocrx_word' id='word_1_217' title='bbox 0 0 1175 3956; x_wconf 95' lang='lat' dir='ltr'> </span> 
     </span>
    </p>
   </div>
  </div>
 </body>
</html>
