2326 3942
165 197 232 266 222
503 194 712 250 ranacario
731 195 793 252 vu.

165 364 218 406 me
246 363 282 406 ac
305 341 478 406 sollicitum
500 339 655 424 habebat,
683 340 783 425 quod,
811 361 885 405 cum
908 343 1003 404 antea
1026 342 1125 404 multa

166 453 224 515 per
245 453 312 514 me,
335 431 437 494 multa
458 450 516 513 per
539 427 659 494 amicos
683 433 833 512 expertus
856 450 973 513 essem,
996 433 1034 492 ut
1057 452 1124 494 eum

166 520 315 584 librum
304 481 462 602 inspicere
486 539 586 603 eoque
608 517 831 583 triduumt
774 521 831 583 aut
854 521 933 608 quat
918 518 1062 582 triduum
1081 541 1124 582 ar-

166 608 288 672 bitratu
306 628 377 671 meo
395 607 444 672 uti
462 628 610 691 possem,
624 629 793 708 nunquam
814 610 1025 689 successerat,
1050 627 1124 671 sem·

165 717 285 780 perque
295 717 388 761 casus
399 696 523 780 ahqurs
538 717 611 759 cum
621 695 870 779 1am1amque1d
880 696 965 781 quod
976 697 1125 779 optabam

167 788 394 850 consecuturus
417 785 552 866 viderer,
576 787 711 849 conatus
735 805 848 848 omnes
872 807 961 849 meos
980 785 1125 849 eluserat.

168 872 273 938 Statui
286 877 409 956 tamen,
424 876 597 956 antequam
612 872 652 936 ab
671 873 800 956 incepto
815 873 1016 957 desisterem,
1034 875 1126 938 semel

167 964 265 1029 etiam
292 961 484 1052 experienda
512 961 621 1024 omnia
652 982 735 1045 esse,
768 964 813 1044 et,
846 963 938 1047 quasi
968 925 1126 1028 mirnitam

167 1053 309 1136 aliquam
337 1071 443 1116 arcem
470 1049 524 1114 diu
552 1051 672 1116 frustra
700 1013 912 1135 obsedissem,
939 1051 1126 1136 priusquam

165 1161 200 1203 re
236 1140 335 1204 infect
321 1143 356 1203 ta
392 1139 599 1223 discederem
641 1139 791 1202 omnibus
829 1139 925 1204 simul
960 1139 1127 1222 machinis,

167 1228 316 1292 omnibus
345 1229 494 1312 operibus
524 1227 565 1292 ad
598 1249 726 1293 murum
754 1229 906 1312 admotis,
937 1191 1127 1293 tentandani

165 1317 388 1400 irruptionem.
434 1316 518 1392 Quid
541 1317 689 1402 quaeris?
716 1321 839 1400 puncto
866 1317 1024 1400 temporis
1051 1318 1125 1382 obti-

167 1406 227 1490 git,
251 1407 337 1491 quod
357 1409 464 1471 totum
486 1427 586 1490 prope
608 1405 774 1476 biennium
797 1407 1016 1490 nequidquam
1043 1411 1126 1489 opta-

165 1516 284 1559 veram.
315 1494 393 1560 Non
410 1495 505 1560 modo
525 1495 611 1558 enim
629 1495 710 1558 mihi
728 1495 881 1559 eximium
899 1495 992 1558 illum
1009 1495 1126 1560 librum

166 1584 324 1666 inspicere
364 1585 468 1668 licuit,
510 1586 596 1668 quod
636 1604 697 1668 ego
733 1583 841 1666 ipsum
877 1584 1063 1667 posuissem
1097 1586 1127 1648 in

166 1673 279 1755 magni
300 1672 445 1735 beneficii
467 1673 551 1756 loco,
580 1672 635 1736 scd
662 1673 760 1736 etiam
782 1673 975 1756 permissum
1003 1677 1070 1756 est,
1096 1679 1128 1738 ut

168 1781 241 1823 eum
263 1780 389 1824 mecum
408 1761 564 1824 auferrem
584 1761 733 1846 domique
755 1761 920 1845 haberem,
945 1762 1023 1826 data
1041 1763 1142 1847 prius¹

167 1849 242 1933 fide,
270 1869 343 1913 cum
371 1849 456 1935 quod
478 1849 702 1934 longissimum
731 1854 828 1933 esset,
857 1855 931 1915 ante
955 1853 1127 1934 septimum

169 1939 253 2002 diem
266 1938 427 2003 redditum
442 1960 478 2002 ac
491 1939 676 2002 restitutum
690 1939 738 2004 iri.
762 1939 845 2004 Tum
862 1961 947 2022 vcro,
960 1944 1127 2025 tamquam

167 2029 266 2113 longo
289 2031 434 2113 tempore
458 2029 624 2092 collectam
648 2028 736 2092 sitim
758 2029 884 2113 explere
908 2030 1057 2114 cupiens,
1086 2032 1129 2094 ita

169 2139 242 2180 eum
270 2117 362 2182 avide
391 2119 591 2200 pervolutare
619 2119 664 2201 61,
691 2138 764 2180 cum
790 2118 844 2200 iis,
873 2119 927 2202 qui
955 2119 997 2181 ab
1026 2120 1126 2184 erudi-

168 2205 295 2270 tissimo
319 2227 356 2269 ac
380 2206 625 2290 diligentissimo
647 2206 730 2290 virs,
758 2205 956 2292 Hieronymo
979 2206 1127 2272 Ferrario

169 2294 331 2357 emendati
354 2298 454 2377 erant,
477 2295 619 2358 conferre
646 2295 749 2380 coepi,
776 2299 814 2359 ut
840 2318 904 2378 me,
932 2318 1127 2382 quamquam

170 2382 310 2468 graviter
333 2386 499 2466 aegrotare
523 2405 704 2470 coeperam,
730 2405 797 2448 non
819 2385 1012 2450 valetudinis
1035 2387 1128 2468 ratio,

168 2494 236 2536 non
255 2471 318 2535 cibi
334 2470 515 2555 potionisve
533 2473 721 2557 necessitas,
742 2495 810 2537 non
827 2473 881 2538 ille
900 2475 968 2557 ipse
984 2476 1128 2539 omnium

170 2561 322 2643 domitor,
345 2563 383 2624 ut
400 2581 474 2624 eum
496 2565 609 2645 pocae
624 2561 739 2627 Graeci
757 2566 885 2646 vocant,
910 2585 929 2627 a
951 2567 1019 2627 tam
1044 2565 1128 2628 dulci

169 2652 379 2735 occupatione
401 2654 512 2734 posset
535 2673 666 2715 somnus
690 2651 854 2716 abducere.
886 2651 1054 2716 Praeclare
1074 2677 1126 2717 au-

168 2744 236 2804 tem
258 2739 339 2807 mihi
358 2740 504 2804 constitit
522 2761 637 2822 operae
656 2761 746 2805 meae
770 2741 900 2806 fructus.
939 2741 1015 2806 Non
1040 2743 1128 2806 enim

168 2830 262 2894 facile
285 2829 454 2894 crediderit
477 2828 659 2913 quisquam,
683 2852 780 2914 quam
802 2831 905 2894 multa
926 2831 962 2894 in
983 2831 1034 2896 his
1060 2854 1127 2896 ora-

169 2920 312 2986 tionibus
336 2919 462 3003 mutila,
487 2939 583 3002 quarn
606 2919 709 2982 multa
734 2923 853 2983 temere
882 2920 1003 3004 addita,
1030 2943 1127 3004 quam

168 3011 273 3073 multa
295 3011 446 3092 corrupta
470 3028 506 3071 ac
529 3007 703 3090 depravata
725 3009 907 3092 legerentur
924 3009 960 3073 in
978 3011 1127 3073 omnibus

136 3167 139 3172 ,
169 3098 241 3161 aliis
263 3098 367 3182 libris,
391 3117 472 3182 quae
494 3097 589 3161 huius
613 3119 672 3181 ope
697 3099 834 3183 expleta,
855 3095 991 3183 resecta,
1014 3103 1128 3163 sanata

169 3191 203 3250 et
225 3186 405 3270 integritati
428 3208 504 3251 suae
527 3186 677 3251 restituta
700 3191 784 3252 sunt.

236 3273 370 3340 Librum
402 3279 509 3340 autem
536 3275 643 3360 ipsum
671 3277 764 3340 credo
793 3277 939 3362 equidem
967 3279 1040 3341 ante
1067 3276 1125 3340 hos

170 3364 392 3449 septingentos
425 3387 528 3429 annos
560 3369 726 3430 exaratum
753 3387 831 3430 esse.
878 3365 969 3440 Quod
995 3369 1027 3429 et
1057 3367 1126 3448 ipsa

168 3454 350 3518 litterarum
378 3454 591 3524 conformatio
619 3455 761 3518 ostendit
787 3455 946 3538 plerisque
973 3455 1051 3520 locis
1074 3474 1124 3537 ge-

168 3544 260 3606 mina
287 3543 328 3627 ei,
357 3563 438 3626 quae
465 3543 500 3605 in
527 3541 698 3608 Pandectis
726 3543 921 3608 Florentinis
949 3545 1042 3610 etin
1068 3543 1124 3606 Te-
