2368 3956
425 179 544 235 CAPUT
562 181 634 236 LIII.
943 182 1007 246 187

57 327 137 389 teret.
172 321 252 388 Eius
268 326 376 388 autem
389 322 565 389 Alexandri
579 323 610 390 S.
625 323 824 390 Athanasius
844 347 1008 392 successor

56 413 117 478 fuit.
168 409 283 498 Neque
315 412 461 482 absimile
489 415 551 497 est,
583 414 669 498 quod
696 413 735 478 de
763 412 794 479 S.
824 414 1007 500 Ambrosio,

56 501 209 586 Episcopo
233 500 479 586 Mediolanensi,
509 499 540 566 S.
563 499 732 587 Paulinus,
758 501 906 568 Nolanus
929 502 1010 587 Epi-¹

57 611 176 673 scopus,
207 590 382 654 memoriae
408 589 564 675 prodidit,
596 612 670 656 eum
701 590 806 657 adhuc
837 593 1008 675 puerulum

57 679 179 742 solitum
201 697 271 742 esse
295 677 388 762 quasi
409 699 467 762 per
489 679 596 745 iocum
618 701 734 745 manus
754 681 918 745 sororibus
941 680 1006 745 suis

57 765 239 832 osculandas
271 765 361 850 dare,
392 787 465 831 eum
494 768 714 833 sacerdotibus
747 789 819 832 eum
850 768 1007 834 honorem

57 855 91 918 ab
112 855 175 920 illis
194 855 296 920 tribui
308 853 443 922 uideret:
466 877 544 921 nam
567 879 601 922 se
620 856 795 943 aliquando
808 855 1006 943 Episcopum

56 943 125 1008 fore.

401 1137 550 1206 UAPUT'
569 1138 656 1206 LIII.
736 1137 743 1154 “

57 1256 214 1314 mucuns
230 1256 422 1316 umasrro
435 1259 554 1315 suess
567 1223 821 1317 mersamine
835 1259 1006 1316 roccum

57 1345 244 1416 CUIUSDAM,
258 1345 355 1412 QUAE
365 1347 511 1404 DUOBUS
520 1348 789 1406 ERUDITISSIMIS
803 1347 1007 1405 HOMINIBUS

347 1435 527 1492 ERROREM
547 1435 701 1494 OBIEUIT.

114 1563 357 1648 interpretabar
369 1583 473 1648 nuper
494 1563 621 1648 publice
634 1564 753 1630 librum
767 1561 921 1648 Senecae,
944 1584 1007 1649 quc

58 1655 179 1718 sanctus
201 1653 256 1716 illc
277 1652 491 1737 philosophus
514 1653 652 1736 quaerit,
681 1675 777 1738 quare
804 1653 891 1718 mala
912 1653 1008 1718 bonis

58 1741 126 1806 viris
149 1741 309 1824 accidant,
336 1761 409 1806 cum
437 1740 480 1806 sit
501 1740 717 1807 Prouidentia.
767 1740 910 1826 Cumque
933 1763 1009 1806 ven-

58 1831 120 1894 tum
145 1832 230 1894 esset
257 1829 299 1893 ad
326 1849 397 1894 eam
422 1828 596 1917 partem1),
623 1829 659 1895 in
682 1851 745 1916 qua
771 1830 840 1914 ipse
869 1831 1009 1914 graviter

58 1917 225 1982 insectatur
246 1917 358 1982 luxum
370 1920 554 2002 temporum
569 1940 714 2004 suorum,
737 1917 866 2002 accidit,
887 1921 925 1982 ut
948 1937 1008 2002 ego

59 2027 176 2091 quoque
208 2007 243 2070 in
278 2028 316 2071 eo
347 2007 418 2072 loco
449 2007 619 2072 tractando
655 2027 874 2072 enumerarem
906 2007 1009 2070 multa

59 2113 168 2177 genera
194 2095 438 2179 peregrinarum
465 2096 588 2181 avium,
615 2118 696 2180 quas
722 2098 847 2160 veteres
869 2093 1010 2159 Romani

59 2202 73 2244 e
93 2184 313 2249 remotissimis
336 2185 436 2250 totius
461 2185 547 2250 orbis
576 2184 723 2269 partibus
745 2183 864 2269 petitas
887 2183 1008 2248 mensis

59 2270 159 2336 inferri
182 2273 271 2339 soliti
293 2276 409 2338 essent.
445 2271 547 2337 Venit
560 2274 601 2338 ad
623 2295 674 2338 me
697 2273 805 2338 triduo
827 2275 903 2356 post
925 2293 1008 2337 unus

59 2380 174 2440 corum,
198 2361 254 2446 qui
274 2364 345 2426 tum
373 2360 603 2447 interfuerant,
629 2362 726 2427 homo
750 2365 783 2426 et
810 2383 869 2427 suo
891 2360 1008 2426 iudicio

60 2450 298 2534 eruditissimus,
326 2454 359 2514 et
385 2472 458 2516 meo
485 2473 553 2516 non
579 2451 768 2516 ineruditus.
817 2449 913 2535 Isque
936 2471 1009 2514 cum

60 2536 173 2623 aliquot
195 2560 212 2603 e
235 2539 448 2604 familiaribus
477 2539 557 2604 meis
579 2561 706 2604 mecum
728 2561 795 2604 una
821 2561 890 2604 esse
914 2538 1008 2603 vidis-

60 2627 114 2710 set,
140 2627 379 2692 dissimulanter
405 2627 547 2713 quidem,
575 2629 631 2692 sed
657 2629 705 2692 ita
730 2631 841 2692 tamen
870 2630 906 2690 ut
934 2626 1009 2690 arti-

13 2797 14 2800 ,
60 2713 157 2780 ficium
170 2719 353 2801 appareret,
367 2717 474 2800 coepit
487 2738 619 2800 operam
632 2716 716 2800 dare,
729 2719 766 2780 ut
780 2735 885 2780 sermo
898 2717 1010 2778 noster

61 2802 123 2868 aliis
145 2804 183 2869 de
206 2805 302 2869 rebus
331 2809 497 2888 susceptus
524 2805 560 2870 in
587 2805 784 2870 mentionem
812 2803 880 2868 eius
903 2803 1009 2886 dispu-

60 2891 190 2977 tationis,
214 2913 296 2978 quae
318 2893 425 2958 triduo
440 2896 515 2958 ante
538 2916 558 2958 a
580 2915 631 2958 me
654 2894 766 2958 habita
788 2895 866 2975 erat,
889 2891 1010 2957 sensim

60 2977 258 3046 delaberetur.
304 2980 388 3046 Tum
415 2983 507 3067 quasi
535 2982 738 3047 occasionem
759 2984 874 3045 nactus
902 2984 1007 3045 osten·
1040 3060 1043 3066 Ι

61 3068 167 3133 tardae
195 3069 385 3134 eruditionis
414 3092 506 3135 suae:
534 3069 677 3156 Nollem,
700 3070 820 3155 inquit,
843 3091 862 3133 a
883 3071 916 3133 tc
938 3071 1010 3134 tum

60 3158 310 3235 praetermissam
336 3158 431 3223 unius
459 3160 527 3223 avis
554 3159 765 3243 mentionem,
792 3179 830 3222 ex
858 3180 922 3243 qua
944 3180 1010 3223 una

61 3242 251 3330 inexplebilis
265 3249 409 3312 veterum
422 3247 521 3312 libido
543 3247 579 3311 in
593 3247 760 3332 exquisitis
779 3246 916 3330 dapibus
936 3267 1009 3312 con-

61 3332 212 3415 quirendis
251 3335 302 3400 vel
338 3335 476 3401 maxime
512 3337 665 3424 cognosci
700 3339 837 3422 poterat
896 3333 1009 3412 Quam,

124 3524 142 3596 ¹)
162 3526 196 3598 de
214 3526 324 3584 Provid.
344 3545 368 3586 c.
386 3535 412 3589 3.
