2328 3956
414 217 534 274 CAPUT
553 218 587 275 V.
921 221 984 285 125

42 361 210 450 Virgilr'01),
237 383 326 430 casus
353 363 533 431 &ernado
558 363 700 432 canebat:
727 365 763 430 in
790 363 940 430 Terentio
948 362 983 450 ²),

41 458 153 531 baum,
175 458 242 518 tam
263 453 477 536 improvisam,
505 457 539 518 at
564 453 693 520 oonsilio
719 455 859 536 cmueque'
885 457 982 520 aaa

41 542 129 605 milia:
157 541 193 605 in
222 539 389 626 Cicerone,
419 547 525 607 statua
551 547 606 607 tua
630 539 778 627 stated),
806 546 839 608 et
865 545 983 610 inuisae

40 626 146 716 amuel),
174 633 209 695 et
235 631 271 694 in
298 627 482 714 Coeliana⁵)
513 649 651 713 uuquam
677 651 868 714 qrmnquom,
901 633 982 696 eius-

42 719 158 803 demque
182 719 273 784 modi
296 720 360 784 alia
381 720 416 784 iu
439 719 510 784 aliis
524 720 645 804 primae
668 720 779 786 classis
799 721 981 786 auctoribus

40 809 186 873 notantur.
231 807 295 873 Sed
318 808 404 873 enim
428 829 509 893 quae
528 809 595 876 ,duo
619 808 687 874 eius
710 809 757 872 rei
779 811 924 893 exempla
946 809 982 874 in

40 895 147 960 duobus
180 897 314 981 optimis
346 919 384 962 aa
414 896 701 981 praestantissimis
732 897 837 980 potitis
868 898 982 982 reperi,

40 1005 126 1047 ea-
154 985 204 1050 ita
230 986 374 1070 insignia
400 986 470 1050 visa
502 989 578 1050 sunt
603 986 732 1051 -hoa
763 985 833 1052 looo
865 1008 980 1070 propo·

39 1073 129 1137 nenda
149 1095 222 1138 esse
246 1074 331 1139 duxi
365 1072 489 1140 Eorum
511 1093 612 1140 unum
625 1073 790 1157 Euripidis
813 1077 876 1140 est:
896 1073 981 1158 apud

40 1182 118 1244 quem
142 1159 274 1247 Medea,
305 1184 378 1228 oum
409 1162 520 1228 Iasoni
547 1163 767 1248 exprobraret,
798 1163 890 1230 illum
922 1184 981 1228 sua

39 1271 120 1333 opera
142 1254 307 1318 servatum
331 1273 414 1336 asso,
436 1251 484 1316 ita
505 1249 694 1338 loquitur⁶):

143 1360 283 1430 Ἕσωσά
305 1360 351 1449 α’,
373 1361 399 1431 ὁ
423 1371 536 1432 ἴσασιν
554 1361 724 1450 Ἑλλήνων
747 1361 821 1432 ὅσοι

157 1449 293 1519 Ταύτὸν
316 1452 554 1538 συνειςέβησαν
573 1448 721 1540 Ἀργῶον
743 1451 879 1539 σκάφος.

40 1565 166 1644 Quorum
199 1592 351 1636 versuum
386 1570 422 1634 in
452 1570 561 1654 priore
597 1570 709 1636 orebra
739 1570 797 1635 illa
830 1571 979 1655 repetitio

38 1659 146 1724 litterae
170 1675 193 1722 σ
214 1659 323 1724 looum
345 1658 444 1722 etiam
466 1658 596 1724 eomiois
622 1655 702 1723 iocis
725 1680 762 1724 ao
785 1659 905 1725 salibus
928 1659 979 1724 da·

39 1743 84 1810 dit:
110 1747 272 1832 siquidem
299 1747 393 1812 Plato
420 1747 561 1814 comicus
589 1751 622 1811 et
647 1745 808 1832 Eubulus,
838 1749 980 1814 eiusdem

38 1834 118 1901 homo
140 1835 279 1920 artificii,
301 1833 490 1920 Euripidem
513 1858 551 1902 aa
574 1836 613 1901 de
631 1858 744 1902 caussa
766 1836 979 1903 urbanissime

37 1923 165 2010 tetigisse
194 1925 377 1989 traduntur.
422 1923 571 1990 Alterum
599 1921 765 2010 Sophoclis
793 1929 826 1988 et
852 1926 980 2010 quidem

39 2034 66 2076 ea
87 2015 121 2078 in
146 2013 274 2097 fabula,
307 2034 388 2097 quae
416 2014 507 2098 quasi
538 2034 675 2099 regnum
705 2013 869 2098 possidere
896 2015 981 2080 inter

37 2101 206 2187 tragoedias
231 2101 356 2167 dicitur.
400 2100 451 2166 Ibi
479 2102 566 2166 enim
589 2100 729 2186 Oedipus
757 2123 829 2166 cum
857 2101 981 2168 Tiresia

37 2190 166 2276 iurgans,
201 2191 296 2276 eique
326 2194 359 2255 et
388 2191 514 2256 aurium
544 2194 577 2255 et
606 2190 724 2255 mentis
754 2194 787 2255 et
816 2191 981 2257 oculorum

38 2281 211 2346 caecitatem
235 2279 399 2365 abiiciens,
420 2279 483 2345 hoo
506 2301 579 2344 eum
601 2301 696 2345 versu
717 2277 979 2366 indignabundus

37 2363 199 2457 incessit⁷):

74 2481 205 2568 Τυφλὸς
227 2480 269 2548 τά
291 2477 320 2548 τ’
341 2471 421 2566 ὦτα,
442 2479 504 2549 τόν
525 2506 561 2548 τε
574 2485 672 2566 νοῦν,
693 2480 734 2548 τά
756 2478 786 2548 τ’
803 2478 917 2569 ὄμματ’
943 2479 982 2552 εἶ.

37 2594 89 2662 Ubi
120 2620 195 2665 uum
233 2599 360 2684 saepius
404 2599 502 2664 etiam
537 2599 745 2664 inculcaverit
779 2599 922 2664 litteram
952 2623 981 2682 τ,

39 2707 118 2769 quum
145 2687 202 2754 ille
232 2689 313 2753 alter
339 2688 480 2753 litteram
504 2703 535 2770 σ,
561 2692 672 2752 tamen
697 2687 869 2771 Euripides
897 2688 981 2752 diea-

38 2775 108 2841 oium
139 2777 270 2844 aculeos
306 2781 456 2860 expertus
488 2779 550 2842 est:
587 2775 761 2860 Sophocles
793 2797 813 2840 a
844 2775 982 2862 nemine,

97 2933 106 2966 l

96 2936 116 3075 'l
133 2935 392 3075 igdsldleilllum
406 3005 498 3060 verbis
516 3003 558 3059 ita
571 3003 682 3086 iunctis,
701 3007 808 3060 tomara
821 3009 877 3060 torn
890 3004 981 3087 impr„

38 3088 172 3154 nusquam,
191 3079 274 3160 puto,
293 3079 385 3159 exstat
399 3075 475 3146 apud
493 3073 662 3157 Terentium.
692 3073 763 3130 Sunt
781 3078 876 3131 autem
895 3075 982 3132 srmss-

38 3142 184 3273 Ῑὺξιὸεὒίρηᾱ
203 3147 273 3202 aluos
287 3163 400 3216 possum.
425 3145 566 3202 Posterius
581 3149 624 3202 est
638 3163 671 3202 ex
684 3145 836 3204 Heautont.
855 3148 877 3220 Ι,
897 3153 922 3218 2,
937 3153 980 3204 35.

97 3287 463 3498 {liliffnglvp'pibmnm
482 3358 529 3414 1x.
548 3363 573 3429 4,
592 3365 632 3418 41,

98 3499 209 3640 ἓξὲξ
224 3509 290 3643 lli]
305 3520 335 3630 sv'.
354 3580 415 3629 aar.
