2360 3944
416 197 551 254 ORATIO
571 198 630 254 VII.
956 201 998 264 67

61 341 203 424 suffragiis
228 343 445 424 praedicetur?
485 343 575 408 Haec
608 345 671 408 ille
712 344 784 430 Ego
818 348 925 410 autem
959 347 999 410 ad

60 430 138 494 huius
168 431 296 495 virtutis
324 433 610 496 tractationemet
643 433 861 518 cognitionem
894 437 927 498 et
912 434 999 498 ted

59 517 105 581 has
129 520 335 601 pulcerrimas
363 521 543 585 animorum
575 521 687 604 epulas
718 522 813 588 nobis
846 522 998 587 omnibus

59 607 90 668 ab
113 606 285 672 Aristotele
312 612 442 692 paratas
468 631 540 694 vos,
568 610 744 694 auditores,
771 631 860 676 voco.
903 609 998 696 Cogi·

59 699 111 758 tate
116 696 223 778 ,quid
246 697 359 782 agatis.
395 697 521 782 Virtus,
544 719 609 781 qua
631 699 671 762 de
690 700 811 784 agitur,
832 704 941 783 praest
943 722 998 763 an-

58 745 165 848 tissima
192 788 256 868 est;
283 786 338 869 qui
365 785 403 849 de
430 808 470 850 ea
496 787 636 871 sempsit,
663 787 876 871 philosophus
908 810 998 871 pree·

59 873 139 936 st'ten
131 873 268 938 issimus.
304 873 437 938 Utinam
460 895 499 939 ex
521 895 572 938 me
596 897 722 959 quoque
750 876 882 940 tertium
905 896 1001 964 argu

57 965 186 1026 mentum
209 962 293 1026 sumi
315 966 426 1046 posset
447 963 489 1027 ad
512 964 636 1028 animos
659 968 783 1029 vestros
804 964 999 1028 excitandos.

59 1047 120 1133 Sed,
141 1072 204 1134 quo
228 1051 334 1116 minus
358 1051 504 1116 doctrina
527 1052 591 1116 et
582 1053 713 1138 ingenio
736 1055 841 1136 valeo,
865 1075 902 1117 eo
925 1053 998 1136 plus

57 1138 162 1204 laboris
194 1161 232 1203 ac
264 1140 449 1224 diligentiae
477 1139 617 1205 afferam.
658 1140 774 1206 Nullus
803 1144 912 1205 antem
939 1143 998 1223 est,
1031 1155 1036 1164 '

58 1228 123 1309 quin
143 1227 289 1292 adhibito
311 1229 421 1293 labore
444 1229 570 1294 efficere
594 1230 714 1313 aliquid
735 1235 768 1294 et
785 1251 905 1294 navare
925 1251 998 1312 pos·

59 1313 132 1401 siti).
166 1315 308 1382 Multum
330 1339 350 1380 a
366 1339 418 1382 me
437 1339 553 1402 operae
576 1317 765 1401 iampridem
782 1319 818 1382 in
835 1317 898 1381 hoc
916 1317 998 1380 libro

59 1405 183 1485 positum
201 1409 264 1489 est,
282 1407 401 1470 multae
419 1409 532 1472 noctes
549 1407 716 1491 vigilatae,
734 1411 771 1470 ut
790 1406 831 1470 ad
848 1406 935 1469 illius
951 1405 999 1468 in·

59 1493 255 1577 telligentiam
269 1495 482 1579 pervenirem,
495 1495 666 1579 praecipue
681 1495 771 1578 olim,
787 1513 859 1558 cum
873 1493 908 1558 in
921 1492 999 1556 iuris

61 1580 145 1646 ciuilis
163 1582 270 1646 studia
287 1584 519 1667 incumberem,
538 1583 579 1646 ad
598 1604 680 1666 quae
698 1584 785 1648 hunc
803 1583 921 1646 librum
940 1581 999 1644 mi·

60 1669 131 1734 n'fice
152 1671 265 1735 utilem
288 1693 356 1736 esse
374 1672 603 1756 intelligebam.
631 1670 707 1736 Non
729 1674 808 1755 puto
828 1690 879 1734 me
898 1691 999 1752 usque

62 1757 148 1822 adhuc
157 1760 250 1824 valde
260 1759 412 1824 fefellisse
422 1765 562 1824 vestram
572 1761 611 1824 de
621 1781 672 1824 me
687 1759 881 1843 opinionem,
895 1779 999 1842 neque

62 1865 140 1930 saepe
156 1847 202 1931 id,
221 1849 305 1932 quod
325 1849 488 1932 pollicitus
503 1849 576 1932 sim,
594 1870 662 1913 non
679 1847 886 1932 praestitisse.
918 1845 1000 1909 Mihi

63 1935 175 2018 credite,
198 1937 227 2000 si
250 1942 408 2020 quantum
431 1958 492 2022 ego
515 1937 556 2002 ad
580 1937 772 2019 docendum,
793 1937 923 1998 tantum
942 1953 1000 1997 vos

65 2022 98 2084 ad
116 2024 296 2089 discendum
314 2025 499 2110 diligentiae
519 2025 670 2108 afferetiS,
693 2024 843 2106 efficiam,
865 2025 903 2084 ut
920 2022 1000 2084 mul-

64 2113 106 2173 tos
131 2134 327 2198 magnosque
357 2113 482 2178 fructus
513 2134 553 2178 en
583 2113 679 2178 huius
710 2112 785 2176 libri
816 2111 1000 2196 cognitione

65 2201 187 2282 capiatis.
201 2215 292 2266 mm.

446 2326 602 2336 vam——

68 2467 107 2526 ull
118 2470 183 2530 VIA
194 2471 249 2530 ET
267 2469 444 2530 RATIONE
462 2472 517 2532 AD
535 2465 816 2540 ELOOUENTIAE
834 2467 1002 2527 LAUDEM

386 2575 659 2637 PERVENIENDI

354 2715 568 2799 ORATIO
600 2711 697 2796 VII.

156 2869 275 2912 HABITA
289 2869 394 2910 ROMAE
408 2868 476 2910 NON.
491 2867 644 2909 NOVEMBR.
658 2869 742 2911 Anno
756 2869 898 2910 MDLXXII.

196 2977 263 3025 [Cum
279 2976 401 3014 secundum
416 2975 595 3015 Tusculanarum
609 2987 720 3025 exponere
733 2975 856 3024 inciperet]

20 3119 21 3134 ι
121 3080 171 3147 lus
190 3085 283 3148 civile
301 3105 352 3148 me
370 3101 438 3148 non
456 3083 582 3167 vulgari
600 3084 666 3166 via,
689 3083 744 3147 sed
762 3101 848 3148 nova
866 3081 1004 3165 quadam

75 3169 98 3228 et
114 3175 180 3235 ente
202 3193 253 3236 me
276 3173 312 3236 in
334 3173 385 3236 his
409 3171 537 3255 quidem
561 3172 678 3237 scholis
702 3171 858 3236 inusitata
879 3169 1026 3250 ratione

75 3255 207 3323 trudere
197 3281 380 3346 ingressum
404 3260 468 3325 et
457 3281 493 3324 m
521 3281 616 3343 opere
642 3261 855 3344 institutoque
882 3261 1005 3344 pulcer-

21 3381 27 3409 *
107 3397 195 3480 *lOic
214 3401 250 3453 ad
268 3399 346 3454 Fam.
365 3399 412 3454 VI.
432 3407 475 3470 ep.
497 3407 520 3454 1
536 3402 604 3454 extr.
624 3399 713 3454 Nemo
733 3404 776 3455 est
797 3403 857 3454 tam
876 3399 1004 3464 afflictus,

23 3476 31 3531 I
79 3463 250 3532 l111,sinihil
274 3471 352 3524 aliud
370 3470 495 3540 studeat,
519 3470 575 3525 nisi
592 3469 623 3524 id
646 3471 721 3539 quod
740 3471 811 3541 agit,
836 3487 892 3524 non
915 3440 1006 3548 possit

23 3556 31 3619 j
79 3547 157 3592 muare
173 3541 279 3611 ailquid
293 3547 318 3594 et
331 3542 441 3622 efficere.
