2368 3956
440 194 559 250 CAPUT
577 195 675 250 LXIV.
978 194 1045 260 215

78 347 117 408 et
141 341 334 407 sententiam
356 339 527 425 protulisse
550 339 794 406 convenientem
823 339 853 406 ei
879 359 1045 425 personae,

79 451 167 516 quae
190 433 261 494 turn
282 429 418 514 loquens
440 427 652 494 induceretur.

426 603 570 672 CAPUT
593 601 708 670 LXIV.

79 707 348 765 XENOPHONTIS
365 707 464 763 LIBRI
480 707 584 762 PRIMI
603 705 816 762 snnssnsnos
831 705 947 764 Locus
964 705 1046 764 NON

157 797 260 854 sauls
278 793 723 941 ΕΙΒΕΕῙΤΕΒΒὲἓΒιΞξὲξΙΤΟ
741 795 973 890 INTERRRRTR

151 991 230 1058 Non
251 993 408 1060 fraudabo
432 993 569 1078 gloriola
582 1015 642 1059 sua
655 993 736 1060 scito
750 995 783 1058 et
800 993 942 1079 eleganti
955 1014 1044 1078 prae-

79 1081 189 1146 ditum
216 1082 347 1166 ingenio
374 1103 522 1167 puerum,
549 1081 593 1146 M.
621 1081 814 1165 Antonium,
842 1081 953 1146 fratris
981 1081 1046 1146 mei

80 1169 201 1252 filium,
226 1171 281 1254 qui
302 1171 398 1235 hodie
419 1171 526 1236 iussus
550 1192 569 1234 a
591 1191 642 1234 me
655 1169 881 1255 Xenophontis
904 1171 1046 1254 primum

80 1256 276 1324 Anabaseos
290 1259 433 1323 conferre
451 1279 525 1324 cum
538 1259 803 1344 interpretatione
818 1258 959 1342 Romuli,
973 1280 1046 1323 cum

81 1345 150 1410 alia
175 1347 254 1411 satis
268 1347 370 1411 multa
383 1347 510 1412 notavit
523 1348 564 1412 ab
578 1347 752 1432 interprete
775 1347 894 1430 partim
917 1346 1046 1429 omissa,

80 1435 206 1518 partim
236 1435 453 1519 negligentius
483 1433 622 1518 reddita,
652 1439 723 1502 turn
748 1435 825 1520 hoc,
851 1434 938 1536 quod
965 1434 1047 1500 mihi

80 1523 363 1588 animadversione
391 1523 525 1608 dignum
553 1525 659 1588 visum
682 1527 744 1608 est,
767 1545 840 1589 cum
863 1523 1046 1624 et1nsigne

82 1611 141 1694 sit,
175 1632 278 1694 neque
311 1612 351 1677 ab
384 1612 507 1696 optimo
539 1573 757 1766 typographo,
786 1612 843 1698 qui
873 1611 1020 1678 tamen
1010 1633 1047 1676 m

80 1699 238 1765 notandis
265 1697 396 1765 Romuli
423 1701 536 1765 erratis
564 1704 615 1766 sat
615 1701 643 1765 is
649 1701 786 1802 alioqui
813 1701 952 1786 diligens
974 1699 1046 1783 fuit,

80 1787 354 1853 animadversum.
399 1787 582 1890 Xenophon
604 1789 691 1855 enim
714 1811 787 1854 cum
810 1789 956 1872 exposita
970 1786 1047 1872 Gyri

83 1879 190 1942 morte
213 1875 252 1941 de
275 1876 417 1944 moribus
441 1877 505 1943 et
495 1878 626 1962 ingenio
640 1878 751 1961 ipsius,
759 1879 811 1942 ut
829 1877 924 1962 solet,
947 1876 1047 1942 disse·

80 1967 172 2028 reret
194 1965 358 2048 multaque
381 1970 573 2050 argumenta
596 1967 775 2051 colligeret,
798 1965 915 2050 quibus
939 1967 1046 2031 osteu-

83 2053 178 2116 deret
199 2073 273 2117 eum
286 2054 486 2118 multitudini
499 2054 612 2119 eximie
626 2076 736 2119 carum
759 2053 869 2137 fuisse,
890 2053 953 2118 hoc
968 2073 1046 2137 quc-

83 2162 147 2225 que
175 2140 260 2204 inter
288 2145 393 2206 cetera
420 2143 537 2227 utitur,
564 2143 650 2228 quod
673 2141 819 2227 quamvis
842 2141 912 2225 ipse
934 2139 1046 2206 fratris

82 2250 198 2294 servus
225 2229 323 2313 foret,
350 2251 445 2295 nemo
472 2235 582 2296 tamen
611 2230 746 2296 desertis
769 2229 871 2313 ipsius
898 2229 1047 2314 partibus

81 2318 126 2382 ad
149 2317 284 2382 fratrem
305 2319 530 2404 transfugerit:
554 2340 626 2384 cum
648 2317 744 2383 multi
766 2321 880 2384 contra
902 2316 1046 2402 quotidie

82 2427 104 2470 a
126 2404 234 2470 Xerxe
257 2405 427 2471 delicerent
412 2410 546 2490 tseque
568 2407 604 2470 in
626 2404 702 2491 Cyri
724 2409 831 2472 castra
853 2405 1047 2472 conferrent.

84 2492 198 2558 Unum
229 2495 347 2579 excipit
332 2493 563 2578 t,0rontem
580 2495 635 2577 qui
666 2498 801 2560 conatus
834 2494 878 2560 sit
910 2515 929 2558 a
962 2491 1046 2577 Oyro

81 2583 302 2666 transfugere,
324 2583 380 2647 sed
403 2587 499 2648 conat
500 2605 554 2646 um
576 2583 667 2647 illum
695 2583 873 2648 infaustum
896 2583 927 2647 ei
949 2585 1047 2687 atque

82 2671 247 2735 infelicem
268 2670 376 2736 fuisse.
427 2659 560 2735 Καὶ
519 2693 617 2778 opace
640 2667 692 2778 δὲ,
714 2669 866 2777 inquit1),
893 2662 990 2734 δι”
962 2691 1046 2756 preco

82 2753 206 2823 πιστὸν
229 2753 315 2824 οι
284 2781 385 2840 ειναι,
408 2752 491 2842 ταχὺ
505 2753 611 2824 αὐτὸν
633 2747 709 2844 εὗρε
723 2755 826 2846 Κύρῳ
841 2758 1047 2842 φιλαίιερον,

84 2837 247 2934 dicerni
297 2845 384 2922 Quae
411 2847 567 2912 verbat
540 2850 588 2912 1ta
614 2847 805 2931 interpretat
772 2867 844 2912 aur
790 2845 1046 2911 tzRomulus

86 2933 185 3014 Qaaa
207 2939 308 3000 tamea
330 2955 392 3012 rec,
414 2935 489 3000 dum
506 2935 567 3001 acti
587 2935 707 3018 fidelem
725 2940 826 3017 putot,
849 2933 929 3016 Cyro
946 2953 1048 3034 pocae

81 3042 181 3104 quam
211 3023 272 3088 siti
302 3024 479 3089 amiciorem
507 3025 631 3089 ιιιιιιιι
685 3023 793 3108 Atque
824 3022 906 3088 nihil
937 3021 1046 3088 minus

86 3109 166 3176 dicit
186 3110 381 3195 Xenophon,
405 3133 501 3197 quam
524 3111 610 3195 quod
624 3111 868 3178 eum-Romulus
886 3110 1046 3175 dicentem

85 3197 172 3263 facit.
222 3197 335 3284 Neque
363 3200 402 3264 de
429 3220 505 3285 rege
531 3200 688 3284 loquitur:
720 3199 775 3264 sed
799 3219 887 3282 eum,
915 3199 967 3264 cui
988 3199 1046 3262 uni

83 3306 126 3350 cx
148 3287 297 3352 omnibus
320 3287 495 3372 plurimum
517 3287 591 3352 fidei
605 3286 744 3352 Orontes
767 3286 916 3369 habebat,
939 3306 1046 3368 reper-

83 3375 155 3458 tum
178 3396 249 3440 esse
272 3374 349 3440 dicit
363 3374 447 3460 Cyro
472 3395 569 3462 quam
583 3374 726 3442 Orontae
749 3375 942 3441 amiciorem.
978 3372 1049 3438 Lit-

158 3530 180 3602 ¹)
198 3531 287 3586 Anah.
306 3533 327 3586 Ι.
348 3540 373 3600 9,
392 3539 435 3589 29.
