2328 3956
335 221 512 277 EPISTOLA
529 223 652 280 LXXIII.
929 225 970 288 99

35 388 86 430 ono
104 365 257 451 Stephani
271 367 369 452 RegIs
393 367 516 453 effigles
539 369 664 452 visitur,
686 369 720 433 in
743 370 846 434 altero
868 368 970 454 ipsius

35 453 188 540 Zamoscii3
217 477 257 520 ex
286 456 418 522 adverso
442 460 564 541 autem,
591 459 626 522 in
648 458 705 522 illo
729 458 857 544 quidem
880 459 970 543 regio

34 544 198 625 provinciae
221 545 316 630 duae,
344 567 424 630 quas
446 545 516 629 ipse
539 546 908 632 conmonuemus,
935 547 971 612 in

34 631 224 698 Zamosciano
249 637 357 698 autem
375 655 512 699 coronae
532 635 613 699 duae
630 634 799 720 implexae,
822 637 971 721 oleagina

34 743 96 804 una,
117 723 227 788 laurea
249 723 364 806 altera,
387 723 503 788 additis
526 724 667 808 vocibus,
690 741 850 802 UTRIQUE
874 743 970 792 01110.

33 809 128 895 Volui,
149 815 187 875 ut
209 811 311 895 potui,
333 813 438 876 virum
463 835 589 878 summa
612 813 768 898 dignItate
790 813 971 897 praeditum

33 901 212 964 remunerari
236 903 268 964 01
292 901 407 964 saltem
425 900 556 966 reddere
576 922 670 966 aerea
687 923 746 986 pro
766 902 878 982 aureis.
912 901 970 965 At-

33 1009 79 1069 que
101 988 226 1052 utinam
248 987 283 1053 id
304 989 411 1072 ipsum
425 994 591 1054 assecutus
605 991 675 1075 sim,
697 994 735 1054 ut
749 992 862 1056 saltem
877 1012 971 1054 aerea

32 1077 202 1142 remiserim.
251 1076 355 1143 Valde
383 1079 469 1142 enim
496 1082 618 1164 metuo,
648 1101 691 1144 ne
717 1079 859 1143 miserim
890 1073 971 1143 οὐδὲ

32 1167 139 1246 χαλκοῦ
162 1161 248 1244 ἄξια.
292 1165 359 1232 Ero
384 1167 483 1252 igilur
506 1165 683 1252 Choerilus
707 1169 762 1253 qui

252 1274 377 1340 icaro
398 1273 535 1340 cerodae
556 1279 586 1339 et
606 1274 687 1340 mole
706 1274 801 1355 factis

183 1361 305 1428 Retulit
325 1369 474 1445 acceptos:

32 1467 103 1531 nosti
134 1466 281 1555 cetera.¹)
326 1467 393 1533 llos
419 1472 456 1532 111
484 1469 583 1533 semel
609 1469 710 1533 lectos
733 1489 905 1552 concerpas
929 1490 970 1533 an

32 1555 113 1620 etiam
137 1557 289 1621 ostendas
313 1557 430 1642 quibus
452 1558 621 1642 videbitur,
643 1556 754 1622 iudicii
773 1561 869 1643 atque
887 1557 970 1622 arbi-

30 1645 72 1707 trii
95 1645 146 1709 tui
172 1667 224 1710 res
253 1649 331 1710 esto.
376 1645 428 1710 Ad
456 1645 626 1711 Gillottum
654 1645 694 1711 V.
717 1643 751 1712 Ο.
780 1650 855 1731 post
881 1647 971 1711 illam

31 1735 252 1798 oratiunculam
271 1735 345 1800 misi
358 1736 455 1800 etiam
468 1736 569 1800 libros
583 1734 750 1800 duodecim
763 1736 971 1800 historiarum

31 1818 69 1885 Pii
98 1821 240 1887 Secundi
271 1822 449 1909 Pontificis‚
485 1825 626 1910 itemque
659 1822 817 1890 Graecum
853 1825 971 1889 librum

31 1915 169 1995 veterem,
193 1934 258 1998 quo
281 1934 406 1976 summa
429 1913 586 1998 quaedam
609 1913 783 1997 analyticos
807 1916 840 1976 et
862 1911 970 1996 physi-

31 2019 70 2063 ces
90 2001 271 2066 luculenter
299 2001 458 2084 explicata
485 2003 704 2086 eontinentur3
731 2022 834 2086 neque
861 2006 972 2065 tamen

30 2088 60 2150 ab
85 2111 121 2152 eo
145 2090 272 2154 litteras
295 2093 410 2174 postea
432 2091 515 2154 ullas
539 2091 654 2173 accepi.
701 2089 801 2174 Spero
823 2089 908 2173 fore,
935 2092 973 2153 ut

30 2176 103 2242 brevi
119 2179 292 2243 nanciscar
310 2178 431 2263 aliquid
444 2179 515 2262 otii3
540 2178 625 2263 quod
640 2179 668 2243 si
682 2177 818 2262 dabira,
840 2177 983 2263 errplebo⁴

30 2286 74 2329 vos
98 2268 198 2353 nugis
226 2268 316 2332 meis.
361 2266 441 2335 Heri
464 2267 599 2332 conveni
622 2264 826 2332 coronalem
849 2265 879 2332 S.
904 2263 972 2330 Ste-
1003 2288 1008 2297 ·

29 2354 114 2434 phani
147 2360 180 2420 01
209 2378 282 2420 cum
310 2378 347 2420 eo
371 2357 410 2420 de
432 2361 465 2420 10
489 2357 544 2421 diu
567 2356 743 2422 collocutus
767 2377 846 2420 sum.
890 2353 972 2418 Mihi

30 2445 120 2531 crede,
144 2445 239 2510 valde
261 2448 295 2509 te
318 2448 414 2510 amat.
459 2445 518 2528 Tu,
541 2465 670 2529 quaeso,
693 2465 732 2508 ex
754 2445 817 2509 isto
839 2443 972 2508 nobilis-

31 2531 97 2598 simo
125 2555 282 2598 consessu
309 2536 416 2598 vestro
444 2555 525 2619 quos
552 2533 632 2597 mihi
661 2533 780 2598 amicos
808 2553 878 2597 esse
902 2531 974 2616 seis,

30 2641 84 2705 eos,
114 2623 204 2708 quod
236 2623 404 2687 commodo
431 2626 488 2686 tuo
517 2622 587 2707 fiat,
618 2622 698 2687 meis
725 2621 831 2686 verbis
860 2621 973 2684 saluta.

30 2705 146 2776 Romae.
169 2709 257 2776 Non.
280 2709 347 2775 Mai
369 2728 560 2777 nnnxxxlv.
971 2743 973 2749 ·

421 2939 570 3004 LXXHI.

207 3046 256 3122 Μ.
284 3049 528 3122 ANTONIUS
555 3044 779 3121 MURETUS

318 3169 675 3294 efflarcrdllnnfflno

104 3346 176 3412 Iam
196 3347 322 3432 pridem
338 3348 378 3412 ad
401 3352 433 3412 te
449 3348 570 3432 scripsi,
594 3346 679 3432 quod
693 3347 810 3411 iterum
825 3345 972 3426 scribam,

29 3436 145 3516 quando
168 3439 294 3502 litteras
309 3458 397 3502 meas
421 3436 462 3501 ad
483 3441 516 3500 te
538 3437 680 3520 perlatas
699 3457 767 3502 non
782 3454 850 3500 esse
864 3432 971 3498 video:

91 3576 109 3646 ¹)
127 3575 225 3632 Horat.
247 3577 326 3648 epist.
345 3578 378 3632 II.
400 3585 423 3632 1.
443 3583 503 3632 233.
523 3594 564 3645 sq.
744 3662 759 3694 *

723 3669 737 3716 'I
