2360 3944
403 221 538 277 ORATIO
557 223 590 276 ll.
936 225 977 287 15

51 369 75 430 in
89 387 117 432 re
133 365 279 430 familiari
299 365 510 450 gubernanda
528 387 637 451 gerere
656 366 784 450 debeat,
804 371 977 452 postremo,

51 475 97 535 quo
117 453 191 518 nihil
214 454 369 538 pulcrius,
396 454 478 518 nihil
501 455 708 538 praeclarius,
735 456 814 519 nihil
840 457 976 540 denique

50 542 162 605 divinius
192 563 234 606 ne
261 543 344 606 votis
373 542 501 625 quidem
529 543 692 626 conceptis
724 545 830 627 optari
861 548 978 628 potest,

49 631 141 711 quibus
158 630 315 713 moribus,
332 630 503 714 institutis,
521 631 647 716 legibus
666 633 893 715 temperandae
912 633 978 696 sint

49 718 180 802 civitates
209 719 325 802 quibus
348 718 421 782 illae
444 718 547 782 modis
570 719 700 784 fundari
723 723 819 802 atque
841 721 977 804 institui,

48 806 139 887 quibus
157 807 270 891 augeri
290 809 385 889 atque
407 807 609 890 amplificari,
633 807 749 890 quibus
768 809 905 891 denique
927 830 978 874 co-

47 894 233 977 piosissimae,
253 895 537 978 locupletissimae,
556 917 621 960 uno
640 895 751 979 verbo,
774 896 977 962 beatissimae

47 981 111 1046 effici
142 983 278 1066 possint.
331 981 358 1046 Ο
390 1004 441 1047 res
472 984 654 1066 praeclaras
686 987 719 1047 et
753 985 978 1050 ardentissimo

48 1069 131 1134 studio
153 1092 341 1153 summaque
362 1071 504 1154 corporis
528 1075 624 1154 atque
648 1072 747 1136 animi
770 1074 978 1138 contentione

47 1156 240 1241 dignissimas!
274 1157 400 1222 Onitae
417 1159 624 1244 philosophia
642 1160 864 1245 gubernatrix,
882 1183 901 1226 o
916 1162 978 1226 vir·

47 1249 131 1309 tutum
151 1247 297 1311 omnium
319 1269 450 1331 perena,
472 1247 625 1312 vitiorum
648 1250 791 1314 omnium
810 1250 978 1333 expultrix.

48 1332 130 1398 Tuum
146 1339 194 1399 est
212 1335 368 1399 falsarum
387 1335 576 1420 opinionum
593 1337 808 1400 temeritatem
822 1338 978 1420 deripere3

47 1425 118 1485 tumn
138 1427 185 1487 cst
214 1445 344 1488 omnem
365 1424 557 1488 inanitatem
584 1428 618 1488 et
644 1447 784 1489 errorem
809 1428 979 1508 amputare

47 1529 73 1570 ae
91 1510 322 1594 circumcidere3
348 1515 442 1576 tuum
465 1515 514 1576 est
535 1513 687 1576 vitiorum
713 1513 811 1577 fibras
835 1513 979 1596 evellere,

48 1597 138 1681 stirpes
156 1600 290 1684 elidere,
313 1600 436 1664 semina
458 1602 670 1685 exstinguere.
715 1599 832 1666 Merito
852 1601 979 1666 divinus

47 1683 117 1750 Plato
137 1688 222 1752 nihil
244 1691 277 1752 te
300 1689 516 1775 praestantius
543 1689 710 1754 hominum
734 1690 844 1774 generi
867 1712 886 1753 a
908 1689 979 1754 Diis

47 1771 259 1840 inmortalibus
281 1776 350 1840 dari
372 1777 514 1860 potuisse
536 1777 669 1842 dicebat.
709 1776 798 1841 Eant
817 1799 905 1842 nunc
925 1779 978 1842 isti
1009 1824 1022 1850 .

48 1862 191 1928 rerbomm
211 1865 374 1948 magistri,
391 1864 575 1930 fabularum
592 1865 798 1948 interpretes,
818 1886 979 1950 nugarum

47 1948 201 2036 architecti3
223 1953 399 2036 perfricent
420 1952 574 2037 frontem,
592 1955 620 2016 si
639 1975 736 2038 quam
753 1953 877 2017 habent
895 1957 927 2016 et
946 1975 979 2017 se

49 2037 137 2102 ullaex
148 2043 244 2124 parte
258 2061 330 2106 cum
339 2040 563 2124 philosophiae
573 2040 758 2105 doctoribus
768 2040 979 2105 conferendos

47 2144 100 2188 esse
109 2129 303 2210 praedicent.
331 2127 393 2203 Qui
407 2129 434 2192 si
448 2129 578 2212 aliquod
591 2129 676 2194 forte
689 2130 786 2213 paulo
802 2129 979 2192 abstrusius

46 2211 172 2295 loquendi
186 2238 306 2302 genus,
330 2220 387 2280 aut
400 2217 541 2301 aliquam
554 2218 701 2282 voculam
714 2239 782 2282 non
795 2217 842 2281 ita
855 2218 980 2300 pervul-

44 2305 145 2387 gatam,
163 2309 223 2370 aut
242 2305 427 2389 quampiam
445 2305 553 2389 paullo
572 2305 819 2370 reconditiorem
836 2305 981 2370 fabulam

43 2391 159 2472 reperire
172 2396 366 2477 potuerunt,
386 2393 502 2478 dignos
516 2415 549 2458 se
563 2394 711 2458 inaurata
725 2397 833 2458 statua
851 2396 981 2476 putant3

44 2497 260 2564 nonnunquam
283 2481 381 2546 etiam
403 2482 442 2546 de
465 2481 621 2546 eiusmodi
650 2481 739 2545 tricis
766 2482 813 2545 ita
839 2481 925 2545 inter
948 2503 981 2545 se

43 2564 255 2651 digladiantur,
274 2572 312 2633 ut
328 2588 388 2653 pro
403 2570 466 2634 aris
483 2573 515 2633 et
532 2569 614 2634 focis
628 2572 791 2634 certamen
805 2570 981 2653 suscepisse

43 2653 201 2722 videantur.
236 2655 326 2722 Haec
343 2657 411 2721 fere
430 2661 492 2742 est,
511 2657 624 2722 Patres
643 2658 844 2742 amplissimi,
863 2679 982 2740 eorum,

41 2744 81 2822 qni
105 2746 214 2810 studia
242 2746 431 2828 laboresque
454 2749 583 2810 nostros
611 2745 786 2829 deprimere
815 2748 982 2827 conantur,

41 2833 134 2897 oratio.
163 2833 229 2910 Qui
244 2834 329 2917 quod
343 2833 581 2918 philosophiam
594 2834 742 2917 laudant,
760 2834 936 2898 libentibus
949 2833 982 2896 id

40 2918 116 2985 nobis
138 2925 240 3006 atque
263 2921 518 3006 approbantibus
543 2921 680 3003 faciunt3
707 2943 873 3010 nunquam
897 2921 983 2984 enim

41 3007 172 3090 cuquam
201 3009 426 3095 concedemus,
455 3013 492 3074 ut
523 3031 594 3074 cam
625 3011 697 3093 plus
726 3013 812 3073 amet
842 3008 982 3092 plurisve

40 3091 133 3182 laciat3
166 3098 255 3182 quod
288 3101 396 3164 autem
426 3099 552 3163 nullum
580 3101 713 3162 censent
745 3095 858 3162 studiis
887 3100 983 3180 atque

40 3184 145 3249 artibus
181 3186 303 3251 nostris
336 3207 409 3250 eum
440 3207 479 3250 ea
510 3207 578 3250 esse
611 3185 849 3269 commercium,
880 3185 915 3248 in
945 3206 983 3250 eo

41 3277 225 3358 quantopere
256 3273 427 3358 fallantur,
457 3274 551 3338 facile
580 3295 619 3338 ex
645 3274 698 3358 iis,
731 3282 812 3357 quae
840 3273 982 3337 dicturus

40 3377 107 3444 sun,
128 3362 343 3446 intelligetur.
416 3361 418 3365 ’

110 3448 200 3514 Nam
222 3450 363 3534 primum
382 3451 539 3535 omnium,
563 3451 590 3514 si
612 3450 675 3514 hoc
697 3450 775 3534 ipsis
797 3449 983 3514 concedere-

11 3601 12 3630 ,
44 3554 119 3622 nus,
141 3538 228 3602 nihil
256 3539 344 3603 aliud
371 3561 390 3602 a
417 3540 525 3623 nobis,
557 3560 654 3622 quarn
685 3539 827 3621 poeticas
856 3536 983 3600 fabulas
