2326 3942
356 197 564 254 PRAEFATIO
582 197 630 254 Vl.
906 195 972 263 217

45 347 148 410 animus
173 348 204 410 ct
226 367 245 408 a
271 348 388 410 natura
413 343 575 428 praeclare
603 342 834 428 conformatus,
864 346 897 408 et
924 365 973 410 sa-

44 434 159 518 pientiae
193 434 370 518 praeceptis
408 434 559 498 advcrsus
596 453 708 498 omnes
739 433 790 497 vel
825 432 974 498 fortunae

44 523 81 586 vel
109 523 270 588 hominum
306 522 440 587 iniurias
477 521 698 605 confirmatus,
733 521 836 590 multo
871 522 974 606 pluris

44 611 155 676 ducebat
180 633 251 676 eam
277 610 525 696 pulcritudinem
552 631 686 696 eamque
714 610 864 695 gloriam,
892 631 975 695 quae
1075 635 1077 642 ·

43 701 68 764 in
89 700 297 764 conservanda
322 700 428 783 patria
454 703 552 782 esset,
584 721 681 784 quam
709 719 821 764 omnes
854 699 974 764 acerbi-

43 793 120 872 tates,
138 811 215 874 quas
238 789 301 872 ipsi
318 793 432 872 postea
449 789 646 872 perditorum
664 787 831 852 hominum
849 787 974 852 inflam-

43 882 110 942 nata
138 877 209 942 odio
240 878 346 942 rabies
374 878 510 942 obiicere
541 899 636 960 posse
667 876 835 942 videretur.
880 875 975 940 Hanc

43 966 121 1048 ipsius
153 966 313 1030 rationem
348 987 385 1030 ac
420 967 614 1031 sententiam
649 965 762 1049 tuisse,
802 986 875 1030 cum
911 965 977 1030 alia

43 1055 133 1137 nolte,
149 1058 219 1120 tum
238 1055 332 1138 haec,
351 1077 447 1140 quam
466 1055 623 1140 explicare
641 1053 854 1142 ingredimur,
872 1053 975 1120 oratio

43 1143 188 1210 manifesto
211 1143 361 1210 declarat.
462 1196 465 1202 ,

415 1321 575 1332 ι-

468 1497 534 1576 vl„

233 1637 279 1706 Μ.
302 1635 526 1706 ANTONIUS
548 1636 759 1706 Munurus

191 1780 487 1835 FRANOISOO
525 1779 797 1834 (ιΟΝΖΔΘΔιι

380 1901 616 1947 ιιιιιιιιιιιιιιι.

446 2027 467 2067 ⁸·
484 2010 546 2078 ι’)

90 2149 158 2218 Νοι
183 2153 305 2219 iniuria
331 2153 457 2220 dubitat
442 2157 513 2219 tum
544 2157 594 2220 est
620 2176 641 2218 a
671 2154 845 2237 veteribus,
875 2152 977 2218 Fran-

45 2239 103 2304 cisce
116 2241 282 2328 Gonzaga,
300 2242 484 2308 adolescens
498 2243 788 2328 praestantissime,
806 2204 978 2309 Tibullone

45 2347 73 2390 an
90 2328 252 2415 Propertio
276 2331 464 2396 deferendus
492 2336 577 2397 esset
598 2333 684 2398 inter
705 2331 840 2398 Latinos
862 2337 939 2418 poet
940 2357 977 2399 as

45 2416 137 2501 elegiae
164 2421 352 2484 scribendae
378 2421 586 2507 principatus
631 2419 782 2487 Namt
745 2425 782 2488 ut
807 2423 951 2487 insunt
941 2445 978 2486 m

44 2509 152 2592 utroque
173 2510 349 2593 permulta,
378 2530 459 2594 quae
482 2531 536 2574 eos
564 2511 744 2614 vulgarium
767 2532 901 2576 numero
925 2532 977 2576 ex·

45 2597 182 2661 entosin
209 2598 298 2662 edito
326 2601 421 2683 atque
449 2599 605 2665 eminenti
578 2603 782 2665 tstatuant
813 2601 898 2664 loco:
931 2599 977 2664 sic

45 2685 172 2770 propriae,
187 2687 347 2771 quaedam
370 2691 481 2752 extant
503 2692 536 2752 et
559 2689 685 2753 elucent
706 2689 741 2752 in
764 2691 900 2771 utroque
914 2687 977 2750 vir-

45 2771 118 2856 tutes,
148 2776 265 2860 quibus
298 2779 431 2860 uterque
464 2775 595 2839 alterius
622 2778 763 2859 palmam
791 2775 977 2860 ambiguam

45 2855 124 2924 facere
144 2864 299 2928 videatur.
336 2862 468 2928 Summa
490 2864 525 2927 in
548 2863 675 2929 Tibullo
704 2864 891 2930 elocutionis
915 2865 976 2928 ele-

45 2950 131 3028 gantia
148 2957 180 3016 et
196 2953 391 3055 proprietas,
409 2973 535 3017 summa
552 2953 589 3017 in
601 2953 770 3037 Propertio
788 2952 978 3017 eruditionis

45 3039 161 3113 poeticae
188 3041 283 3126 copia
309 3044 343 3106 et
369 3041 470 3106 variet
472 3064 521 3124 as3
553 3041 588 3106 in
618 3041 675 3106 illo
701 3041 850 3106 Romana
876 3061 977 3125 prope

46 3127 141 3212 omnia,
162 3129 198 3193 in
220 3131 282 3195 hoc
304 3131 456 3216 pleraque
478 3091 704 3194 triensmarina.
748 3129 845 3230 Illum
867 3129 979 3194 nativa

46 3179 175 3291 quaeddm
198 3223 232 3282 ct
253 3219 441 3303 incorrupta
463 3218 604 3283 Romani
627 3218 841 3283 sermonisin
842 3219 940 3304 tegrit
942 3241 979 3284 as

46 3294 70 3360 iu
86 3304 181 3370 media
198 3307 277 3372 urbe
295 3311 409 3372 natum
428 3311 460 3371 et
479 3309 579 3371 altum
599 3329 667 3371 esec
686 3307 852 3391 perspicue
871 3312 978 3372 osten·

46 3383 89 3452 lit·
68 3391 180 3460 hunc
189 3399 316 3480 praeter
326 3400 432 3462 cetera
441 3396 546 3462 forma
555 3400 587 3460 et
601 3396 782 3481 character
773 3418 842 3480 ipse
853 3395 978 3462 dicendi

85 3549 277 3616 ⁸)Praemissa
295 3555 340 3610 cst
357 3553 481 3624 epistola
500 3551 639 3609 scholiis'
631 3571 661 3606 m
679 3553 864 3624 Propertium.
