2360 3944
222 221 263 284 76
584 217 720 273 ORATIO
740 217 811 272 VIII.

219 365 254 430 id
277 366 317 429 ab
341 386 393 448 eo,
421 365 477 448 qui
500 364 590 446 dicit,
619 363 773 426 omissum
795 361 896 444 videt,
923 383 992 426 non
1013 361 1072 426 hoc
1093 384 1151 444 quc·

221 475 282 537 que
306 453 368 516 dici
391 453 548 536 potuisse,
571 450 627 514 sed
649 451 712 514 hoc
729 450 934 534 potissimum
953 450 1016 513 dici
1030 451 1151 514 debuisse

222 541 405 606 contendat.
446 540 498 605 Ite
530 539 607 603 dum
637 561 696 622 pro
725 560 784 602 suo
813 540 947 622 quisque
975 541 1069 622 captu
1094 539 1152 621 quid

220 631 289 714 ipse
321 630 464 694 dicturus
496 629 595 693 fuerit
627 627 749 712 cogitat
780 630 813 691 et
844 627 908 691 alia
938 649 1050 711 prope
1067 629 1153 690 omnia

220 717 403 802 fastidiens,
431 718 508 781 dum
534 717 567 780 id
590 737 692 780 unum
719 716 857 799 dicatur,
885 715 977 780 avide
1006 719 1153 798 exspectnt,

222 807 376 891 quidquid
400 807 529 888 dixeris,
557 826 682 888 semper
708 804 866 868 videberis
891 803 1036 868 omisisse
1057 804 1152 887 praeci-

221 917 286 979 pua
313 899 346 959 11
369 895 477 960 omnia
505 893 687 958 communia
710 915 747 956 ac
771 893 911 958 contrita
934 893 1064 975 dixisse,
1089 891 1153 974 quod

222 1005 260 1048 ea
273 1006 342 1048 non
356 983 488 1067 dixeris,
511 1004 592 1066 quae
608 982 635 1046 si
649 981 795 1066 dixisses,
809 983 880 1066 ipsa
894 1003 1022 1066 quoque
1037 980 1152 1045 1111101-

222 1073 325 1144 soleta
356 1075 389 1135 11
420 1072 567 1156 vulgaria
598 1070 791 1134 viderentur.
836 1069 883 1136 Ut
909 1071 1024 1135 melior
1055 1069 1154 1134 111111

221 1164 313 1243 parte
337 1160 380 1223 sit
402 1181 513 1224 eorum
536 1159 692 1244 conditio,
715 1159 771 1243 qui
789 1159 886 1223 aridis
906 1180 943 1222 ac
962 1157 1153 1223 sterilibusin

222 1249 421 1334 argumentis
435 1251 617 1312 versantur:
633 1269 783 1332 quorum,
797 1248 863 1312 sive
878 1247 1092 1329 abundarunt,
1104 1247 1153 1308 lau·

222 1337 317 1402 datur
339 1337 519 1423 ingenium,
543 1337 608 1401 sive
632 1337 830 1418 defecerunt,
852 1336 1007 1400 materiae
1029 1335 1153 1399 ieiunitas

222 1430 404 1491 accusatur:
427 1449 499 1491 cum
518 1429 644 1509 contra,
666 1425 723 1488 ubi
741 1425 849 1508 ampla
867 1424 995 1488 dicendi
1014 1444 1098 1508 seges
1113 1426 1154 1504 est,

222 1516 378 1598 quidquid
401 1517 535 1580 allatum
549 1518 611 1598 est,
634 1514 774 1578 ubertati
796 1513 950 1576 materiae
970 1512 1153 1592 adscribatur,

223 1603 378 1686 quidquid
411 1605 564 1668 omissum
596 1605 658 1685 est,
689 1601 758 1666 tibi.
803 1600 876 1686 Ego
908 1621 986 1666 uero
1020 1599 1153 1686 quomodo

223 1694 280 1753 aut
303 1691 477 1773 quidquam
501 1691 673 1753 allaturum
696 1711 764 1753 esse
783 1712 834 1754 me
858 1709 998 1792 sperem,
1022 1689 1100 1790 quod
1113 1707 1154 1750 no·

222 1778 323 1842 vitate
346 1778 545 1842 audientium
569 1778 693 1842 animos
716 1781 840 1862 teneat,
868 1800 939 1843 cum
960 1779 1019 1843 111
1026 1779 1061 1842 in
1080 1777 1153 1841 rebus

221 1887 294 1930 mea
317 1871 483 1932 versatura
506 1867 548 1932 sit
571 1865 719 1950 011110,
709 1888 745 1929 m
763 1829 883 1972 quilius
901 1866 1154 1951 praestantissime

224 1976 257 2020 se
287 1957 431 2021 omnium
463 1955 643 2021 aetatum
633 1945 775 2040 mgenia
794 1960 1020 2042 exercuerunt,
1051 1954 1154 2020 autito

223 2044 396 2131 dicturum,
419 2049 537 2110 utnon
554 2045 803 2110 innumerabiles
823 2045 878 2108 1111
895 2045 1012 2110 iisdem
1030 2044 1154 2110 derebus

224 2135 369 2198 ornatius
384 2156 421 2198 ac
436 2135 595 2217 copiosius
610 2133 770 2198 dixerint?
799 2130 861 2198 Sed
874 2134 954 2198 mihi
967 2155 1071 2218 neque
1084 2129 1154 2196 valde

221 2221 436 2286 laborandum
459 2226 521 2304 est,
547 2225 584 2284 ut
606 2243 691 2286 nova
714 2223 980 2307 conquirams-
1005 2220 1154 2287 nonenim

224 2309 404 2372 cantilenae
428 2313 504 2372 sunt
525 2309 600 2393 1111,
623 2311 739 2394 quibus
757 2310 898 2395 novitas„
920 2315 958 2375 ut
976 2311 1024 2375 ait
1038 2310 1155 2374 Telema-

224 2394 356 2482 chus*),
380 2397 531 2462 conciliat
545 2399 697 2482 gratiam,
720 2399 775 2463 sed
789 2403 973 2484 praecepta,
999 2399 1106 2483 quibus
1118 2416 1155 2458 ve-

223 2487 328 2548 111111
357 2485 446 2550 addit
478 2486 716 2570 auctoritatem,
743 2523 786 2533 -
819 2491 865 2572 et,
897 2488 924 2552 si
956 2509 1047 2572 uera,
1076 2484 1156 2562 utilia,

224 2575 301 2656 apta
324 2573 365 2637 ad
386 2573 433 2658 id,
456 2575 541 2658 quod
565 2574 644 2638 mihi
665 2576 868 2659 propositum
882 2578 943 2659 est,
966 2575 1066 2661 digna
1081 2573 1156 2638 huius

222 2661 287 2726 loci
301 2662 505 2748 austeritate,
521 2663 620 2748 digna
633 2664 748 2728 vestris
760 2664 890 2728 auribus
900 2665 1050 2748 attulero,
1063 2662 1145 2748 quibu

224 2771 262 2814 ea
285 2771 410 2834 cunque
428 2753 534 2816 verbis
553 2752 710 2836 extulero,
731 2751 793 2816 hoc
811 2751 882 2835 ipso
900 2774 952 2816 me
971 2753 1050 2818 satis
1066 2751 1157 2817 ornat

224 2838 340 2906 dlxisse
363 2841 552 2905 arbitrabor

290 2926 434 3014 Agite
425 2931 486 3014 1git
487 2951 538 3014 ur,
578 2930 640 2994 viri
675 2933 892 3014 praestantes,
928 2934 961 2996 et
999 2953 1071 2996 cum
1103 2925 1157 2990 alii

223 3018 424 3102 nominibus,
445 3023 516 3083 tum
538 3019 708 3103 praecipue
722 3020 851 3103 harum,
874 3019 913 3083 de
936 3019 1052 3103 quibus
1075 3017 1157 3080 dicen

222 3107 401 3191 ingredior,
437 3109 556 3172 artium
592 3109 680 3172 cultu
712 3111 745 3172 et
776 3071 970 3172 tractatione
1003 3100 1151 3172 clarissimi

224 3195 325 3278 agite,
353 3195 489 3260 studiosi
516 3194 701 3261 adolescent
686 3200 750 3280 t,es
777 3218 913 3280 quorum
940 3197 1046 3262 mollis
1073 3192 1157 3258 adhu

224 3285 258 3344 et
287 3277 400 3345 tenera
432 3283 563 3346 aetas
554 3305 590 3346 in
622 3247 763 3348 eiusderir
796 3285 918 3370 gloriae
950 3307 1039 3370 spem
1065 3280 1157 3347 eodeu

224 3369 317 3454 quasi
342 3369 427 3433 lacte
453 3369 621 3435 Musarum
648 3372 816 3460 educatur,
843 3375 1026 3460 cognoscite
1053 3389 1153 3438 mecuu

279 3559 422 3630 *)Odyss.
442 3560 463 3616 Ι.
483 3565 548 3629 351,
568 3579 609 3630 sq.
