2360 3944
188 186 232 249 34
565 184 700 239 ORATIO
719 186 766 239 III.

187 334 324 413 utraque
339 329 473 412 excidat,
482 330 658 413 periculum
673 350 750 393 esse.
774 328 835 404 Qui
850 349 924 392 cum
936 329 1013 392 haec
1022 329 1126 411 dicunt,

189 419 216 482 si
239 419 278 482 de
302 419 351 482 sui
377 420 505 482 tantum
528 417 651 502 ingenii
678 417 900 481 imbecillitate
927 418 1123 500 loquerentur,

188 507 313 570 ferendi
334 510 455 571 essent:
477 527 578 589 nunc,
600 527 673 569 curn
696 527 735 569 ex
757 527 791 570 se
813 505 893 588 ipsis
911 506 991 570 alios
1008 506 1123 569 metian-

189 599 255 679 tur,
283 599 327 677 et,
356 594 441 678 quod
465 615 498 658 se
521 597 684 678 praestare
706 615 801 678 posse
825 593 990 677 diffidunt,
1016 594 1047 657 id
1067 595 1124 657 uni·

189 705 279 748 verse
299 705 335 746 ae
359 683 538 769 generatim
559 682 629 745 fieri
651 704 719 746 non
741 703 835 766 posse
858 682 1079 766 pronuncient,
1097 682 1126 744 in

190 793 227 836 eo
256 794 353 854 quam
379 772 584 836 vehementer
614 774 734 854 errent,
764 770 959 834 admonendi
986 771 1125 834 videntur.

189 860 300 944 Usque
328 881 408 924 eone
436 881 543 922 rerum
569 862 713 922 veterum
742 862 775 922 ct
803 858 872 922 eius
900 859 1014 942 ipsius,
1045 881 1125 941 quam

189 949 397 1032 profitemini,
419 947 641 1030 philosophiae
660 947 801 1030 imperiti
819 947 910 1030 estis,
930 950 969 1010 ut
988 969 1125 1011 summam

126 1100 132 1107 ,
188 1037 224 1100 in
252 1035 454 1119 philosophis
481 1037 642 1100 veteribus
672 1035 831 1100 exstitisse
859 1034 987 1099 dicendi
1012 1035 1073 1100 vim
1097 1056 1126 1096 ac
1159 1099 1160 1106 ,

190 1125 316 1206 copiam
347 1124 519 1188 nesciatis?
568 1123 687 1207 Ecquis
716 1145 860 1207 unquam
888 1123 1056 1188 Platonem
1082 1126 1127 1185 aut
1159 1127 1160 1132 ’

189 1212 413 1296 philosophiae
441 1212 575 1276 scientia
595 1216 658 1276 'aut
681 1212 807 1276 dicendi
832 1212 988 1276 facultate
1016 1233 1127 1294 supera·

189 1300 258 1365 rit?
290 1301 328 1364 de
358 1323 422 1385 quo
451 1299 575 1384 Cicero,
607 1302 711 1365 bonus
740 1301 888 1384 inprimis
918 1298 1127 1383 aestimator*)

190 1389 401 1475 eloquentiae,
414 1391 461 1454 ita
474 1390 644 1474 magnifice
659 1390 831 1472 sentiebat,
851 1387 963 1453 lovem
976 1394 1014 1453 ut
1029 1390 1129 1472 ipsum,

122 1498 127 1511 ·
190 1479 218 1542 si
241 1498 354 1563 graece
376 1480 466 1563 loqui
483 1479 592 1561 vellet,
615 1499 682 1543 non
705 1478 768 1542 alio
792 1499 889 1560 quarn
910 1476 1056 1542 Platonis
1077 1498 1129 1540 ser·

86 1601 90 1608 ·
189 1588 285 1630 mone
308 1589 441 1630 usurum
464 1589 532 1630 esse
556 1567 682 1630 diceret.
729 1565 811 1640 Quid
834 1564 1049 1630 Aristoteles?
1074 1587 1129 1628 non

190 1657 223 1717 et
245 1655 314 1736 ipse
332 1654 458 1718 dicendi
479 1658 651 1739 praecepta
671 1676 755 1718 unus
774 1654 918 1718 omnium
937 1655 1056 1738 optime
1077 1657 1129 1716 tra·

191 1742 285 1826 didit,
308 1746 341 1806 et
362 1764 401 1806 ea
419 1743 544 1806 dicendi
563 1743 655 1826 copia
677 1742 754 1825 fuit,
776 1745 813 1806 ut
836 1764 909 1806 eum
929 1742 1016 1808 idem
1034 1741 1129 1812 Cicero
1161 1747 1162 1754 ’

190 1852 269 1894 auro
287 1830 440 1894 fluentem
459 1831 592 1896 fluvium
609 1830 807 1895 nominarit?
827 1852 895 1895 non
909 1830 1131 1915 Xenophontis,

191 1920 307 1984 summi
328 1919 527 2004 philosophi,
550 1941 604 1984 ore
622 1918 732 1984 Musas
752 1920 843 2003 quasi
865 1921 1000 1984 locutas
1014 1917 1131 1984 ferunt?

190 2031 259 2073 non
282 2008 523 2093 Theophrastus
547 2008 741 2092 eloquendi
764 2008 931 2072 divinitate
954 2030 1073 2073 nomen
1092 2008 1132 2069 in-

190 2096 300 2161 venit?
325 2119 393 2162 non
415 2097 647 2180 posterioribus
670 2097 805 2161 saeculis
828 2119 900 2160 eam
921 2097 956 2160 in
979 2095 1133 2162 Carneade

190 2186 256 2248 vim
282 2185 381 2249 fuisse
408 2186 572 2268 proditum
599 2189 660 2268 est,
691 2187 813 2250 nullam
840 2188 877 2250 ut
906 2205 1050 2270 unquam
1075 2205 1133 2247 rem

192 2273 444 2336 confirmandam
458 2274 645 2357 susceperit,
663 2296 760 2357 quam
773 2296 840 2339 non
858 2274 1056 2358 probaverit,
1073 2271 1134 2336 nul-

190 2360 256 2423 lam
276 2360 543 2445 impugnandam,
566 2383 662 2445 quam
684 2385 752 2427 non
774 2361 945 2427 everterit?
982 2360 1046 2426 Sed
1067 2359 1134 2444 quid

190 2451 300 2512 vetera
320 2452 353 2512 et
375 2453 507 2513 externa
525 2452 670 2534 exempla
688 2451 918 2534 conquirimus,
941 2471 1015 2514 curn
1037 2470 1135 2514 recen-

189 2536 272 2601 tium
293 2540 325 2600 et
346 2537 593 2604 domesticorum
611 2539 704 2623 eopia
722 2538 893 2622 suppetat?
920 2538 1010 2603 Haeo
1032 2539 1136 2603 civitas

191 2647 287 2710 quam
312 2627 431 2690 multos
460 2629 492 2690 et
519 2627 595 2691 olim
622 2627 758 2710 protulit
784 2630 816 2690 et
842 2627 983 2710 quotidie
1011 2627 1136 2711 profert,

191 2715 246 2799 qui
264 2719 302 2778 ut
323 2715 458 2800 nemini,
477 2716 555 2800 quin
572 2719 707 2799 utraque
725 2714 820 2780 laude
842 2715 1076 2798 praestiterint,
1096 2715 1137 2777 ita

191 2804 353 2888 omnibus,
375 2807 449 2868 utra
466 2804 574 2888 potius
592 2803 824 2887 praestiterint,
845 2803 1032 2888 ambiguum
1049 2803 1137 2867 relin-

190 2891 315 2979 quunt?

257 2982 401 3058 Quorum
414 3003 472 3048 vos
490 2981 720 3064 adolescentes,
734 3002 791 3064 per
804 2979 909 3044 Deum
921 2980 1139 3060 immortalem,

190 3073 371 3155 exemplum
393 3071 578 3154 imitamini,
605 3091 709 3153 neque
733 3069 937 3154 committite,
958 3073 996 3134 ut
1017 3068 1141 3132 Veneta

244 3245 270 3311 *)
288 3243 402 3297 Rectius
425 3244 595 3298 celsamutor
615 3243 779 3314 scripsisset.
822 3242 876 3298 Sed
898 3243 1020 3298 nondum
1039 3241 1141 3296 Grono-

190 3311 254 3367 vius
272 3311 309 3365 ad
327 3313 386 3366 Liv.
406 3313 532 3367 XXXIV.
556 3319 580 3366 2.
600 3315 683 3367 etad
702 3315 772 3369 Gell.
791 3315 811 3368 I.
831 3321 855 3369 3.
878 3314 978 3368 horum
996 3313 1141 3368 uerborum

190 3382 340 3438 discrimen
363 3383 555 3438 constituerat.
591 3383 775 3440 Existimetur
793 3387 836 3441 est
857 3385 954 3440 iudex:
982 3383 1142 3446 aestimator,

191 3453 241 3523 qui
268 3453 390 3523 pretium
413 3453 572 3520 constituit,
600 3469 643 3508 res
671 3455 744 3509 inter
767 3473 797 3510 se
822 3457 976 3526 componit,
1003 3455 1046 3519 ut,
1077 3449 1142 3520 quid

189 3523 417 3594 praeferendum,
440 3523 509 3592 quid
531 3523 756 3592 posthabendum
779 3525 827 3595 sit,
850 3525 999 3598 intelligat.
1030 3522 1141 3577 Ruhnk.
