2326 3942
182 214 225 278 20
523 209 703 268 EPISTOLA
721 209 795 264 XVI.

183 357 420 424 accuratissime
444 377 482 420 ao
504 354 718 420 minutissime
741 354 1022 439 persequebantur.
1051 351 1118 418 (lon-

184 468 284 529 serva,
308 466 427 531 quaeso
440 447 483 527 te,
505 444 602 508 istam
617 443 897 530 consuetudinem
921 442 976 507 sed
996 441 1060 506 noli
1080 465 1119 506 ex-

184 538 342 620 speotare,
364 538 402 600 ut
423 536 531 598 tecum
552 531 644 616 paria
666 532 793 596 faeiem.
839 531 914 596 'libi
937 531 1034 615 enim,
1055 553 1120 615 quae

184 625 314 707 scribas,
337 623 476 708 plurima
491 620 633 708 quotidie
647 624 838 706 suppetunt3
862 620 942 686 mihi
956 619 1040 705 quod
1061 620 1120 684 seri-

183 714 260 778 bam
282 713 349 776 fere
370 711 453 776 nihil
476 713 525 776 est
547 709 612 774 nisi
629 709 692 775 hoe
714 710 835 794 ipsum,
858 709 940 774 nihil
963 730 1031 773 esse
1053 707 1121 792 quod

185 803 332 868 scribam.
358 800 430 885 Ego
455 803 487 864 et
509 798 624 863 Petrus
638 797 852 864 Normesinus
873 801 907 862 te
930 797 1122 862 communiter

185 892 362 956 salutamus
386 893 481 974 atque
506 911 525 952 a
546 889 579 952 te
601 887 755 972 petimus,
777 891 815 952 ut
836 889 950 952 nostro
974 887 1122 951 amborum

184 980 316 1044 nomine
348 977 569 1044 Conterellum
602 977 731 1042 salutes.
775 975 868 1042 Vale.
899 973 1122 1042 lllKaroliloeo.

184 1067 225 1133 A.
248 1069 277 1132 d.
299 1085 357 1132 vn.
380 1066 451 1131 Kal.
473 1065 543 1131 Ian.
565 1082 699 1130 nnnxn.

582 1225 742 1236 ——n-

620 1383 709 1448 XVI.

375 1513 428 1586 M..
451 1511 693 1583 ANTONIUS
721 1508 947 1583 MURETUS

463 1647 585 1702 PAULO
609 1645 775 1702 secando
796 1645 864 1700 SUO

633 1753 655 1795 Β.
669 1755 697 1796 D.

252 1861 367 1950 Neque
393 1867 427 1928 te
456 1882 521 1928 uno
555 1863 724 1928 amabilius
757 1863 930 1948 quiequam
966 1866 1024 1928 aut
1047 1861 1126 1928 offleii

186 1953 322 2038 plenius,
344 1973 448 2038 neque
470 1952 588 2018 litteris
610 1953 676 2018 tuis
698 1952 845 2017 festivius
864 1953 1019 2038 omnique
1042 1950 1126 2016 suari-

186 2044 254 2106 tate
277 2041 437 2107 eonditius
459 2041 529 2106 fieri
551 2043 668 2124 potest.
696 2039 785 2118 Quae
809 2041 836 2106 si
860 2063 957 2126 quam
978 2041 1082 2125 lepide
1101 2060 1127 2101 ae

187 2131 286 2215 polite
313 2132 503 2215 loquuntur,
529 2133 598 2194 tam
620 2129 718 2194 etiam
740 2151 818 2195 vera
840 2130 879 2194 de
902 2152 953 2195 me
980 2129 1127 2214 praediea-

187 2222 269 2304 rent,
292 2239 412 2304 magna
425 2240 539 2284 eaussa
561 2220 654 2302 esset,
678 2241 734 2282 eur
748 2222 855 2304 et'ego
874 2219 954 2283 mihi
972 2219 1129 2304 gauderem

189 2311 222 2372 et
242 2310 280 2372 tu
301 2308 363 2373 tibi
386 2308 424 2373 de
447 2307 589 2372 amicitia
610 2310 723 2372 nostra
746 2307 962 2392 gratulareris.
989 2307 1024 2372 N
1025 2327 1083 2371 uno
1101 2326 1129 2367 ea

188 2419 239 2461 res
262 2418 314 2461 me
337 2397 421 2462 male
443 2397 550 2480 habet,
565 2396 660 2481 quod,
682 2417 756 2460 oum
773 2396 809 2461 in
822 2418 939 2478 meum,
961 2400 1000 2460 ut
1023 2395 1130 2473 dieitur,

190 2485 297 2550 sinum
319 2486 453 2570 inspicio
476 2506 591 2570 meque
614 2507 652 2549 ae
673 2506 746 2549 mea
768 2485 879 2550 omnia
901 2485 1072 2570 diligenter
1091 2505 1130 2546 ex-

191 2575 289 2658 cutio,
316 2575 399 2639 nihil
425 2573 659 2658 propemodum
680 2573 745 2638 tale
768 2574 907 2658 reperio,
935 2574 1046 2659 qualia
1066 2573 1130 2637 mihi

190 2666 226 2727 tu
248 2663 497 2727 innumerabilia
511 2662 654 2746 affingis:
677 2666 714 2726 ut
728 2662 809 2727 mihi
831 2664 896 2728 tale
911 2663 1064 2748 quiddam
1083 2683 1129 2726 usu

190 2753 313 2836 veniat,
337 2753 430 2835 quale
452 2751 676 2836 histrionibus,
704 2751 759 2836 qui
782 2751 859 2816 dum
881 2752 916 2816 in
939 2771 1038 2816 scena
1059 2749 1130 2835 Aga·

190 2861 396 2906 memnonem
423 2843 525 2924 agunt
552 2843 609 2904 aut
629 2838 781 2925 Atreum,
804 2839 992 2925 concipiunt
1014 2841 1131 2925 spiritis

192 2930 349 3015 quosdam
370 2929 493 3014 regios3
515 2930 599 3012 post,
621 2929 770 2994 absoluta
787 2928 908 3014 fabula,
931 2928 1008 2993 dum
1031 2928 1072 2994 ad
1092 2948 1131 2991 ve-

192 3019 305 3084 stitum
328 3041 422 3084 suum
444 3020 478 3082 et
500 3017 540 3081 ad
556 3038 589 3081 se
611 3017 699 3100 ipsos
722 3017 868 3102 redeunt,
891 3021 1070 3103 agnoscant
1089 3036 1132 3079 ne-

192 3128 279 3171 eesse
303 3111 361 3191 est,
382 3108 459 3171 fieta
480 3106 580 3172 fuisse
602 3105 659 3170 illa
683 3106 792 3172 omnia
805 3110 839 3171 et
861 3107 984 3172 alienae
1008 3107 1131 3172 obleeta-

191 3195 291 3259 tionis
323 3217 436 3260 caussa
463 3195 503 3258 ad
534 3195 630 3260 breve
660 3199 789 3280 tempus
817 3199 978 3280 suseepta3
1010 3217 1043 3260 sa
1069 3214 1132 3259 vero

192 3283 339 3349 homines
365 3285 479 3348 tenues
502 3287 625 3350 elnon
647 3284 821 3351 admodum
842 3285 954 3370 magni
980 3284 1073 3369 pretii
1094 3304 1130 3345 ar·

193 3371 294 3437 tifioes
323 3393 401 3437 esse.
447 3369 499 3436 sio
526 3393 586 3458 ego
614 3395 711 3457 quam
739 3373 795 3438 diu
816 3377 890 3439 tuas
921 3373 1044 3438 litteras
1070 3373 1132 3454 lego

193 3465 226 3526 et
249 3483 268 3526 a
289 3465 323 3526 te
345 3465 503 3545 tanquam
525 3461 705 3547 eohorago
729 3463 838 3547 aliquo
861 3463 1043 3546 impositam
1065 3457 1130 3524 mihi

193 3570 365 3632 personam
379 3549 531 3632 sustineo,
553 3550 665 3632 placeo
688 3550 777 3634 mihi,
800 3547 942 3636 (fatebor
956 3551 1040 3616 euim
1058 3545 1129 3634 quod
