2326 3942
394 197 574 254 nersnom
593 199 626 254 x.
954 200 994 264 13

55 343 188 428 gratulor,
211 364 315 427 paene
334 344 431 408 etism
455 344 657 427 subinvide03
680 367 770 410 meus
785 347 871 410 enim
894 367 913 408 a
935 369 995 428 me,

54 454 108 516 uec,
127 435 164 498 ut
184 436 276 516 puto,
298 432 467 514 rediturus,
490 431 566 496 Tiro
581 433 740 517 discessit3
765 457 828 518 quo
851 435 995 518 oonsilio,

54 522 83 583 de
104 520 172 604 ipso
201 541 386 605 cognosces.
432 517 514 586 Cum
540 521 581 586 ed
607 543 659 586 me
685 523 860 606 retulisset,
891 544 995 608 neque

53 611 123 674 suasi
144 631 251 694 neque
266 609 413 694 dissuasi,
435 630 476 674 ne
491 609 694 674 dissentirem
707 611 742 674 in
756 611 816 677 hoe
829 612 871 676 eb
894 612 995 695 ipsius

52 702 164 782 patrue,
192 699 229 762 in
251 697 308 762 illo
331 703 481 764 autema
504 720 554 762 me
577 699 658 782 ipso.
704 697 797 764 Suesi
820 700 917 764 etism
939 723 995 784 po·

53 787 111 852 tius.
146 786 271 853 Contra
293 788 502 868 voluntatem,
524 787 660 872 inquies,
683 792 716 852 et
737 788 912 853 iudicium?
944 787 996 854 Sic

52 898 122 940 sum:
145 880 291 940 avertere
315 897 335 939 a
356 897 408 940 me
431 876 527 957 volui,
550 897 632 960 quse
645 880 774 960 poteret
796 877 922 960 exoriri,
945 899 996 942 su-

52 964 215 1046 spicionem
238 965 390 1029 utilitatis
418 969 450 1028 et
472 965 632 1029 commodi
654 965 726 1030 mei.
771 964 923 1031 Clausuls
946 965 996 1049 sit,

51 1054 122 1136 quod
144 1053 277 1118 initium
301 1053 455 1138 epistolae
478 1053 548 1118 luit
580 1053 762 1118 Restitutus
785 1054 866 1118 mihi
887 1051 998 1118 videor

51 1141 176 1206 inventis
192 1140 312 1207 Catulli
335 1142 434 1225 foliis3
457 1145 494 1205 tu
508 1163 635 1227 quoque
657 1143 725 1207 redi
739 1142 779 1206 ud
801 1147 892 1208 tuem
909 1148 995 1207 tran·

51 1231 233 1314 quillitatem
254 1251 315 1294 nec
338 1231 522 1295 institutum
546 1231 666 1297 omitte.
694 1229 784 1297 Vale.

439 1391 600 1401 ...ιι-..ος-

500 1477 540 1544 X.

232 1607 280 1683 Μ.
309 1605 551 1680 ANTONIUS
578 1605 804 1724 MURETIJS

489 1727 504 1767 s
524 1727 546 1767 n

361 1814 482 1870 PAULO
501 1813 679 1870 MANUTIO.

175 1947 280 2028 Quam
296 1965 395 2028 paese
415 1943 526 2024 furuae
547 1962 643 2026 119οα
664 1940 868 2023 Proserpinae

171 2038 222 2105 Et
243 2037 428 2101 iudicantem
450 2033 585 2097 uidimus
606 2030 763 2096 Aeacum!
772 2029 797 2112 ¹)

48 2162 129 2228 Licet
156 2163 245 2226 enim
273 2161 338 2223 11111
361 2177 473 2222 canere
501 2153 633 2238 depulso
656 2157 752 2218 metu.
798 2151 859 2216 Sed
881 2155 1000 2235 tamen,

49 2252 198 2337 quidquid
222 2251 308 2314 dieat
329 2269 408 2332 puer
421 2244 543 2328 Lepidi,
564 2241 763 2327 negligentis
784 2242 886 2325 ipsius
910 2241 1000 2326 origo

49 2341 137 2405 huius
150 2338 320 2405 molestiae
338 2329 412 2417 fuit}
436 2333 553 2418 quode
572 2332 651 2396 meis
670 2331 828 2394 hesternis
852 2329 967 2394 litteris
974 2330 999 2415 ²)

49 2431 152 2515 eliqua
174 2451 215 2493 ex
237 2429 329 2512 purte
351 2422 531 2506 intelligere
545 2420 688 2504 potuisti.
717 2417 779 2484 Sed
798 2419 926 2505 quando
949 2440 999 2482 res

50 2519 148 2582 omm's
171 2518 207 2581 in
234 2515 317 2580 vado
346 2515 407 2595 est,
430 2511 620 2586 desinamus,
648 2512 684 2571 ut
706 2505 793 2592 illel)
821 2508 999 2592 1111111νο-

49 2607 156 2670 lorum.
187 2604 308 2669 Alexin
329 2605 366 2666 tu
388 2599 468 2664 mihi
490 2596 635 2663 invides?
666 2595 712 2660 At
734 2595 815 2660 mihi
836 2618 1002 2680 nunquam

50 2695 80 2756 in
102 2697 244 2758 mentem
259 2691 355 2773 venit,
377 2692 415 2753 ut
428 2687 579 2752 Tironem
600 2685 662 2749 tibi
676 2685 859 2749 inviderem.
891 2685 936 2749 Et
949 2685 1001 2749 hie

49 2781 155 2846 Alexis
181 2783 253 2866 ipse
282 2801 378 2864 quam
405 2777 460 2840 diu
481 2780 557 2840 tuus
583 2774 666 2839 fuit?
712 2772 914 2857 Quamquam
935 2795 1002 2838 non

50 2871 139 2935 video
160 2868 323 2955 equidem,
345 2866 398 2930 hio
420 2887 477 2930 cur
490 2863 601 2928 Alexis
625 2862 762 2944 dicetur,
794 2863 1002 2946 nequeenim

49 2980 106 3043 ego
133 2981 167 3023 ex
194 2957 307 3022 eedem
337 2955 446 3020 schola
473 2975 558 3036 sum,
585 2974 623 3014 ex
647 2973 711 3035 que
733 2951 945 3034 Pomponius:
969 2955 1004 3014 11

50 3047 100 3110 1111
131 3049 207 3112 ulter
235 3043 414 3110 studiorum
440 3046 570 3106 tuorum
598 3042 702 3105 socius
729 3040 797 3104 iure
824 3061 861 3104 11
888 3039 1002 3104 merito

50 3134 140 3217 Tiro,
168 3135 223 3222 qui
256 3133 371 3198 aetatis
402 3133 531 3196 nostrae
562 3127 709 3194 Ciceroni
741 3149 871 3211 operam
904 3128 1002 3194 duret.

51 3222 152 3297 Quem
172 3247 191 3288 s
213 3227 246 3288 11
270 3220 453 3286 discessisse
480 3218 582 3302 ipsius
606 3238 702 3281 cause
725 3217 831 3282 doleo:
859 3221 1003 3283 tuanen

128 3415 145 3480 ¹)
161 3416 226 3470 Hor.
246 3415 335 3471 Canu.
354 3413 387 3467 II.
409 3418 450 3466 13.
470 3417 502 3465 21
522 3427 544 3466 s.

125 3485 201 3551 ²)Cl.
220 3503 262 3556 ep.
280 3485 354 3538 VIII.

127 3555 147 3624 ³)
163 3557 226 3610 Hor.
246 3555 371 3614 Carmll.
391 3560 416 3608 9.
436 3558 478 3608 17.
507 3618 512 3627 γ
