2328 3956
362 205 541 263 EPISTOLA
557 205 675 263 XXVIII
951 207 996 274 43

423 497 426 503 ¹
448 399 601 472 xxvm

230 529 280 604 n.
308 528 550 603 ANTONIUS
577 527 801 604 neeesse

382 659 466 722 ΗΠΒ.
486 659 661 721 GIPHANIO

490 771 512 816 s.
525 771 553 814 n.

111 877 252 944 Litterae
274 884 350 946 tuce
365 896 463 966 snpra
477 902 574 966 quem
586 880 651 946 dici
672 882 781 966 potest
794 880 874 944 mihi
888 884 999 965 gntae

57 966 187 1033 fuerunt:
215 989 292 1032 cum
319 969 405 1034 enim
431 971 498 1034 iam
525 969 650 1054 pridem
676 973 710 1034 te
732 968 825 1033 valde
849 989 1000 1052 emerem,

57 1055 174 1120 mirifice
196 1057 368 1140 cupiebam
390 1059 536 1123 animum
559 1052 651 1122 illum
672 1077 781 1123 meum
803 1057 864 1122 tibi
886 1061 1000 1122 notum

57 1165 122 1227 esse,
142 1166 212 1210 non
233 1145 388 1210 dubitans
410 1146 489 1230 fore,
511 1149 549 1211 nt
567 1145 708 1211 vicissim
730 1145 789 1211 ebs
811 1149 844 1210 te
867 1167 1000 1211 emeret.

57 1230 108 1296 Sed
127 1232 170 1296 ad
200 1249 256 1297 ees
282 1233 402 1300 idcireo
430 1235 531 1300 serice
559 1234 711 1318 opinione
733 1236 791 1298 tue
812 1233 1001 1319 respondeo,

56 1321 182 1404 prinum
198 1321 277 1406 quie
296 1341 353 1386 ers
368 1343 496 1408 quoque
519 1343 591 1388 sero
606 1321 778 1388 admodum
801 1323 918 1406 accepi,
938 1321 1001 1388 hoc

56 1411 108 1492 est,
132 1409 293 1474 Kalendis
320 1409 479 1476 Ianuariis
506 1410 599 1495 ipsis:
626 1411 662 1475 in
690 1431 754 1494 quo
785 1409 865 1474 mihi
897 1409 1002 1474 visum

57 1501 97 1560 est
109 1497 205 1562 etiem
228 1499 336 1564 inesse
350 1499 481 1585 aliquod
495 1500 616 1564 laetum
638 1519 675 1564 ec
693 1519 883 1583 prosperum
897 1517 1003 1583 omen,

56 1589 85 1650 ut
104 1607 194 1670 spem
207 1587 262 1694 vel
283 1608 323 1652 ex
336 1609 375 1654 eo
398 1589 539 1696 reliquere
560 1585 775 1714 conceperint,
796 1589 902 1651 totum
915 1586 1002 1652 hunc

55 1695 170 1826 illidi
190 1671 280 1828 lili.
294 1672 1003 1848 ibliiedll'llidli'dliiid,slidlildi

56 1854 221 1936 antequam
254 1852 475 1936 rescriberem,
503 1853 542 1918 de
569 1851 688 1936 Gellio,
715 1852 809 1936 quale
835 1854 873 1915 tu
904 1851 1004 1937 cupis,

56 1938 170 2034 efficere
194 1961 233 2004 ec
261 1945 424 2024 praestare
451 1961 588 2026 possem.
634 1938 697 2006 Sed
723 1939 805 2004 nihil
827 1939 932 2006 adhuc
955 1961 1003 2004 re-

56 2032 173 2109 pertum
200 2031 266 2113 est,
292 2029 379 2114 quod
406 2029 535 2115 quidem
562 2029 605 2094 sit
635 2028 748 2113 magni
774 2027 879 2111 pretii.
923 2025 1004 2110 Spes

56 2115 149 2182 adbuc
176 2138 247 2182 une
271 2118 397 2202 relique
422 2121 473 2184 est
500 2118 536 2182 in
562 2117 758 2182 bibliotheca
784 2113 1005 2181 cardinalium

56 2201 194 2270 Fernesii
216 2207 252 2269 et
271 2203 413 2292 Sforzae,
426 2227 507 2292 ques
529 2206 675 2271 nondum
697 2203 840 2270 excussi:
862 2202 896 2268 id
919 2203 1005 2287 quod

57 2293 114 2358 noli
135 2293 287 2358 dubitare
309 2293 390 2378 quin
403 2294 575 2380 diligenter
596 2294 742 2358 fecturus
756 2293 827 2376 eim,
848 2313 924 2357 cnm
941 2292 1005 2376 pri·

56 2381 1007 2556 limclblllllllnlodlioelfflllllqllnlllull

88 2544 90 2548 .
608 2538 609 2543 =
631 2521 641 2555 9

58 2557 91 2622 eb
112 2558 204 2628 omni
226 2578 344 2642 genere
357 2560 546 2624 litterarum.
573 2557 636 2624 Sed
657 2561 760 2624 multe
782 2557 917 2623 serenda
929 2560 1007 2622 emt

58 2645 90 2709 iis
111 2645 273 2731 omnibus,
296 2647 352 2732 qui
374 2651 534 2734 coguntur
556 2648 670 2732 aliene,
692 2651 731 2712 ut
743 2647 799 2712 ille
821 2647 876 2729 eit
898 2645 1006 2710 virere

58 2735 181 2818 quadra.
228 2733 278 2800 Tu
304 2757 394 2820 vero,
417 2736 463 2800 mi
485 2735 639 2820 Giphani,
662 2735 773 2820 quiet
798 2733 931 2819 ingenio
954 2753 1006 2796 ex-

59 2823 137 2888 cellis
160 2827 197 2888 et
218 2823 367 2888 doctrine
390 2824 534 2888 abundes
558 2827 591 2888 et
613 2845 651 2888 ee
665 2845 699 2888 es
722 2825 836 2906 eetnte,
859 2841 941 2906 quae
964 2820 1007 2884 sit

59 2908 153 2976 labori
176 2911 321 2997 ferendo,
342 2933 450 2998 perge,
472 2914 510 2977 ut
530 2911 625 2995 fecie,
648 2910 769 2996 aliquid
792 2909 919 2974 assidue
942 2907 1006 2972 ele·

57 2997 175 3084 borere,
198 3000 285 3085 quod
307 3002 340 3064 et
361 3001 422 3064 tibi
436 3000 557 3085 gloriae
580 3000 623 3064 sit
636 3002 669 3064 et
690 2998 784 3062 nobis
808 3018 845 3060 ec
867 2995 1006 3080 posteris

59 3087 132 3152 usui.
158 3086 247 3154 Nam
270 3087 309 3152 de
323 3087 482 3154 Lambino
498 3087 637 3174 quidem,
649 3085 731 3150 nihil
749 3084 841 3150 video
865 3103 1007 3170 caussae,

60 3193 109 3240 cur
139 3177 209 3240 eius
241 3175 433 3242 obtrectatio
466 3176 625 3242 deterrere
648 3178 684 3240 te
717 3176 775 3238 eut
801 3172 959 3238 ebducere
987 3195 1007 3238 e

60 3263 159 3329 studio
188 3264 311 3330 debeat.
355 3264 415 3330 Ille
442 3265 478 3329 in
502 3268 536 3330 te
562 3264 636 3348 fuit,
664 3262 720 3348 qui
746 3262 781 3326 in
808 3262 888 3327 elios
917 3262 1008 3344 solet,

61 3353 159 3416 etita
186 3353 266 3418 milri
292 3353 415 3439 omnic,
446 3373 529 3440 quee
556 3352 664 3438 cupio,
692 3350 855 3436 evenient,
882 3352 919 3415 ut
945 3369 1007 3434 ego

127 3543 146 3614 1)
165 3542 231 3600 nur.
249 3543 322 3600 noe.
341 3549 403 3600 eto.
