2330 3944
207 189 271 254 146
573 185 709 242 ORATIO
728 185 787 242 XV.

205 355 275 400 non
298 331 444 416 capiunt,
469 329 622 395 inanibus
645 352 679 394 se
700 329 820 394 fabulis
847 334 976 414 proptor
996 331 1123 413 quandam

205 423 338 490 illarum
361 441 433 484 cum
455 417 591 485 historia
614 417 859 486 similitudinem
883 419 1042 486 oblectant.
1093 411 1098 422 ’

269 507 336 574 Sed
364 527 637 591 supervacaneum
665 510 714 570 cst
741 506 780 572 de
807 507 984 592 voluptate,
1009 528 1076 590 quac
1098 529 1124 570 ex

205 597 343 664 historia
364 595 552 680 percipitur,
574 595 721 678 pluribus
743 594 861 678 dicere,
890 617 963 672 oum
983 594 1014 662 id
1034 595 1066 658 de
1084 617 1125 660 suc

89 695 93 700 '
207 686 341 771 quisque
365 705 462 753 sensu
483 683 624 754 iudicare
647 683 741 750 facilc
763 683 876 767 possit.
903 683 1028 750 Utilitas
1045 686 1126 746 autu

207 777 330 858 quanta
352 795 399 838 ex·
416 772 571 838 historiae
597 772 791 840 tractatione
814 772 975 857 capiatis,
999 771 1061 856 quis
1078 793 1127 836 nou

205 861 317 930 videt?
343 861 440 928 Mitto
462 861 543 944 iam,
565 859 650 944 quod
673 861 727 926 ille
745 860 832 944 apud
850 859 1017 929 Platonem
1028 858 1126 944 Aegyp·

205 952 271 1016 tius
300 949 448 1016 sacerdos
476 947 588 1014 Soloni
610 949 727 1014 dixisse
750 948 866 1032 fertur,
894 970 1016 1034 semper
1039 969 1128 1032 pueros

207 1060 291 1124 esse,
318 1038 374 1122 qui
400 1038 571 1113 vetustatis
600 1037 786 1124 cognitione
815 1041 959 1104 careant:
985 1037 1061 1116 illius
1080 1035 1127 1118 qui·

206 1127 279 1192 dem
302 1125 447 1192 omnium
469 1125 684 1190 humanarum
707 1146 814 1190 rerum
832 1125 1058 1208 moderatricis,
1076 1145 1128 1206 pru-

208 1214 349 1299 dentiae,
381 1213 466 1280 unde
493 1214 596 1280 maior
623 1215 672 1280 vis
700 1235 798 1299 quam
826 1235 865 1280 ex
890 1215 1025 1280 historia
1049 1212 1129 1294 colligi

206 1302 337 1388 potest?
376 1301 454 1368 Non
481 1303 568 1368 enim
595 1302 703 1368 avium
731 1304 829 1368 cantu
856 1306 915 1368 aut
940 1303 1057 1385 volatu,
1081 1321 1129 1364 nou

205 1391 416 1476 inspiciendis
461 1391 620 1476 pecudum
661 1391 764 1476 fibris,
804 1412 872 1456 non
912 1388 1131 1476 interpretandis

204 1481 403 1549 hariolorum
440 1481 587 1548 cantibus
622 1479 732 1545 futura
767 1482 1031 1564 praenoscuntur.
1075 1476 1130 1554 Quis

206 1569 360 1653 cuiusque
383 1569 510 1634 consilii
532 1572 590 1634 aut
610 1569 732 1652 incepti
755 1568 858 1632 exitus
877 1589 947 1633 osse
971 1569 1076 1650 soleat,
1094 1563 1131 1647 qui

206 1655 377 1740 diligenter
399 1657 562 1720 notaverit
584 1660 680 1740 atque
709 1657 942 1740 observaverit,
970 1657 997 1722 is
1023 1657 1132 1732 demun,

204 1743 281 1828 quid
309 1765 347 1808 ex
374 1765 439 1830 quo
466 1748 655 1810 eventurum
684 1745 739 1828 sit,
772 1745 893 1830 optime
921 1767 962 1810 ae
988 1742 1133 1813 certissimo

204 1832 394 1918 providebit.
440 1830 641 1917 Quamquam
676 1833 763 1898 enim
800 1854 867 1898 non
899 1838 989 1900 certa
1023 1831 1133 1918 quadan

205 1925 238 1986 ct
259 1921 454 1988 immutabili
477 1921 558 1988 serie
576 1943 627 1986 res
645 1921 806 1988 humanae
819 1923 1009 2008 volvuntur,
1028 1939 1133 2005 magua·

205 2033 267 2095 que
302 2033 413 2078 earum
448 2010 588 2078 varietas
624 2014 657 2076 et
687 2011 912 2078 inconstantia·
927 2015 1008 2096 -est,
1031 2014 1064 2076 ut
1090 2008 1135 2070 hoc

204 2100 324 2184 ipsum,
361 2099 631 2184 quemadmodum
668 2099 795 2164 dicebat
829 2098 1017 2186 Agatho*),
1051 2094 1134 2163 verisi-

204 2189 280 2252 mile
313 2187 368 2272 sit,
404 2189 507 2252 multa
538 2191 667 2272 practer
697 2187 744 2272 id,
781 2188 867 2271 quod
898 2189 1069 2254 verisimile
1095 2187 1136 2264 est,

205 2275 346 2340 evenire:
373 2277 562 2361 plerumque
588 2280 699 2342 tamen
726 2298 743 2341 e
771 2276 931 2342 similibus
966 2277 1077 2344 similia
1099 2293 1135 2336 ex·

205 2363 339 2446 sistunt3
374 2385 479 2448 neque
510 2365 577 2430 ulla
608 2366 725 2432 certior
756 2366 869 2452 regula
905 2369 955 2430 est
991 2361 1138 2440 indiam

204 2473 267 2535 quo
287 2473 431 2536 quaeque
449 2475 501 2518 res
520 2473 654 2520 evasura
677 2455 732 2537 sit,
755 2475 853 2537 quom
871 2454 1043 2539 inspicere,
1063 2469 1137 2536 quen

204 2539 326 2606 exitum
349 2541 466 2606 similia
487 2543 523 2606 in
544 2542 783 2628 longinquitate
801 2543 958 2626 temporis
978 2543 1126 2628 saepiusa

201 2627 403 2713 frequentius
424 2629 605 2698 habuerint.

271 2716 392 2794 Quodsi
424 2722 481 2784 aut
511 2719 666 2804 temporis
696 2719 883 2784 hominibus
914 2719 956 2786 ad
988 2717 1140 2786 vivendus

203 2807 348 2874 concessi
370 2807 511 2872 brevitas
534 2811 591 2874 aut
612 2808 683 2891 ipsa
705 2807 790 2872 vitae
812 2808 896 2874 ratio
918 2811 1092 2892 patoretur,
1115 2825 1140 2865 ιι

203 2893 290 2964 idem
315 2896 418 2962 homo
445 2897 548 2962 multa
576 2896 704 2962 saecula
730 2896 988 2981 integramente
1012 2892 1134 2979 integris

203 3006 266 3068 que
298 2986 445 3052 sensibus
476 2985 622 3070 vixisset,
653 2986 771 3050 multas
802 2985 985 3069 provincias
1020 2983 1138 3050 obiisset

203 3073 244 3142 ad
267 3073 399 3139 intimas
421 3075 603 3160 principum
625 3073 767 3140 virorum
790 3073 828 3139 de
852 3073 1054 3160 gravissimis
1064 3071 1140 3136 rebu

203 3162 456 3228 consultationes
482 3164 668 3247 frequenter
695 3162 858 3228 adhibitus
885 3166 980 3246 esset,
1016 3161 1102 3228 omni
1127 3183 1140 3213 ι·

204 3249 382 3314 sententias
410 3250 577 3335 audiisset,
604 3252 779 3335 rationum,
807 3251 922 3336 quibus
949 3244 1137 3335 quisqucni

202 3337 338 3420 teretur,
360 3336 504 3421 pondera
523 3361 560 3411 ac
578 3343 742 3406 momenta
760 3340 930 3426 diligenter
947 3339 1140 3424 expendisse

252 3529 278 3600 *)
297 3527 415 3586 Aristot.
433 3528 511 3586 Post.
532 3535 573 3588 18.
