2360 3944
415 187 550 241 ORATIO
568 187 602 242 V.
941 187 985 252 47

89 494 134 552 DE
155 493 328 554 MORALIS
351 493 641 556 PHILOSOPHIAE
664 494 932 555 NECESSITATE

190 649 254 692 CUM
274 651 308 691 In
328 651 368 691 EA
390 651 537 692 DOOENDA
559 650 831 694 Paoonnnnnuuun

363 790 577 874 ORATIO
610 793 661 876 V.

138 964 256 1004 HABITA
270 963 375 1005 ROMAE
389 965 441 1005 VH.
456 965 496 1005 Π).
510 965 642 1005 NOVEMB.
657 965 740 1006 Auno
754 966 882 1006 MDLXIV.

104 1123 263 1209 Superiori
285 1147 384 1210 anno,
412 1146 484 1189 cum
510 1127 691 1190 iniunctum
718 1127 797 1190 mihi
819 1125 986 1191 Pontificis

51 1215 222 1278 auctoritate
249 1235 366 1277 munus
394 1215 482 1278 obire
509 1215 694 1297 inciperem,
725 1216 828 1278 multa
855 1215 919 1280 dixi
947 1216 986 1278 de

51 1302 178 1366 laudibus
196 1302 433 1386 philosophiae,
457 1303 705 1385 cohortatusque
723 1325 780 1368 vos
800 1326 870 1367 sum
890 1326 986 1386 quam

50 1391 124 1471 potui
137 1391 393 1476 diligentissime,
413 1391 440 1454 si
453 1391 721 1474 tranquillitatum
736 1392 833 1474 vitae,
852 1391 879 1454 si
892 1392 986 1454 liber-

50 1481 145 1562 tatem,
171 1480 199 1543 si
222 1479 414 1563 dignitatem
437 1483 533 1562 atque
555 1479 772 1562 honestatem,
800 1479 828 1542 si
850 1480 987 1542 salutem

51 1566 167 1651 denique
186 1571 220 1632 et
234 1571 375 1632 vestram
393 1571 426 1631 et
443 1568 606 1651 publicam
625 1589 731 1630 caram
748 1567 923 1651 haberetis,
941 1571 987 1651 ut,
1081 1645 1085 1654 ¹

52 1677 117 1736 quae
133 1679 183 1720 ars
201 1657 428 1738 tranquillaret
447 1656 584 1739 animos,
605 1677 686 1738 quae
708 1677 761 1720 eos
783 1678 802 1720 a
821 1657 987 1720 teterrima

51 1744 182 1808 uitiorum
205 1745 360 1808 servitute
382 1745 418 1807 in
439 1745 558 1807 iustam
584 1745 776 1827 plenamque
804 1744 987 1808 libertatern

52 1836 169 1897 assertos
193 1833 235 1896 ad
258 1854 370 1896 verum
392 1833 502 1916 decus,
530 1833 616 1915 quod
642 1833 677 1895 in
699 1833 816 1896 virtute
836 1834 986 1916 positum

52 1925 102 2003 est,
123 1921 317 2003 traduceret,
344 1942 426 2003 quae
449 1920 585 2003 denique
609 1923 641 1984 et
664 1921 808 2004 singulos
836 1921 987 2003 privatim

52 2011 79 2069 et
90 2009 204 2090 publice
218 2012 305 2073 totas
320 2009 465 2079 civitates
479 2011 696 2087 conservaret,
715 2009 782 2071 eius
796 2008 832 2070 in
846 2009 987 2071 studium

51 2099 111 2160 toto
128 2102 269 2181 pectore,
297 2097 360 2160 alia
384 2098 472 2161 omni
495 2097 690 2181 cogitatione
713 2096 912 2180 posthabita,
939 2096 987 2160 in-

51 2185 232 2250 cumberetis.
285 2184 390 2260 Quam
417 2185 674 2250 cohortationem
700 2205 805 2248 meam
832 2185 892 2249 etsi
919 2207 988 2250 nou

50 2277 286 2354 praetervectam
319 2295 387 2337 esse
419 2295 511 2338 aures
544 2277 681 2357 vestras,
718 2274 773 2336 sed
804 2274 839 2337 in
871 2275 987 2338 animis

49 2362 244 2442 plurimorum
267 2362 396 2445 penitus
415 2362 570 2426 insedisse
589 2362 640 2425 vel
660 2383 698 2425 ex
719 2383 757 2426 eo
778 2362 989 2445 probabiliter

48 2449 172 2536 intelligi
193 2451 316 2534 potuit,
339 2450 424 2532 quod
444 2450 524 2514 mihi
546 2453 659 2533 postea
677 2472 716 2513 ex
737 2451 799 2515 hoc
821 2451 892 2533 ipso
916 2451 986 2514 loco

47 2537 256 2622 philosophiae
292 2541 464 2622 praecepta
502 2538 645 2602 tradenti
685 2539 764 2602 satis
803 2539 989 2622 frequentes

48 2627 196 2692 assiduam
224 2648 356 2711 operam
383 2627 527 2711 dedistis,
558 2627 665 2708 facere
693 2631 803 2690 tamen
830 2649 889 2710 pro
916 2649 989 2690 mea

12 2751 13 2784 ι
47 2735 112 2798 erga
130 2738 189 2780 vos
212 2737 321 2794 amore
343 2737 412 2780 non
433 2737 578 2798 possum,
601 2715 679 2799 quin
698 2737 756 2781 vos
779 2715 841 2779 hoc
862 2736 989 2798 quoque

12 2855 14 2874 ἶ
46 2807 177 2888 tempore
200 2826 269 2870 non
290 2803 441 2868 adhorter
462 2807 603 2886 tantum,
627 2805 682 2867 sed
705 2803 869 2868 obsecrem
892 2804 989 2867 etiarn

12 2879 14 2906 ²
47 2894 72 2953 ct
99 2894 254 2976 obtester,
287 2893 342 2975 qui
369 2893 434 2955 iam
464 2893 525 2956 iter
554 2892 634 2955 illud
666 2893 803 2976 ingressi
831 2892 920 2972 estis,
952 2895 990 2991 ut

12 3013 14 3162 l
45 2979 990 3153 llltlllql{rtlltllglblllllmcslllll?

13 3187 14 3190 ¹
44 3154 132 3222 Nulla
160 3159 247 3221 enim
270 3157 355 3220 vitae
381 3179 470 3240 pars,
501 3157 592 3221 nulla
613 3157 742 3221 vivendi
770 3156 854 3221 ratio
882 3177 990 3222 carere

12 3225 14 3300 t
43 3245 154 3329 fructu,
178 3246 294 3330 quiex
315 3246 438 3330 eorum,
461 3267 542 3328 quae
560 3266 621 3310 nos
640 3245 782 3329 quotidie
804 3249 991 3329 tractamuS,

12 3327 13 3374 3
44 3336 220 3419 cognitione
228 3334 414 3418 percipitur,
423 3334 492 3398 sine
506 3334 645 3398 maximo
659 3334 862 3398 incommodo
874 3337 990 3418 potest.

12 3423 14 3498 l
43 3420 191 3508 llagnum
223 3425 287 3505 est,
317 3423 435 3506 fateor,
468 3444 576 3486 rerum
605 3422 801 3486 naturalium
832 3423 991 3505 principia

12 3499 14 3562 l
43 3530 227 3596 caussasque
255 3531 366 3595 nosse,
394 3511 534 3574 siderum
557 3513 797 3594 ceterorumque
820 3531 990 3593 corporum

12 3793 16 3891 l
