2368 3956
398 249 517 313 CAPUT
535 253 601 308 XXI
917 256 980 320 145

41 395 163 476 atquae
184 398 376 479 sequuntur:
399 396 473 480 dixi,
497 419 535 462 ca
557 399 637 463 mihi
659 399 760 466 videri
774 421 922 484 expressa
941 401 979 466 de

40 481 186 548 sententia
216 483 354 569 quadam
386 483 576 552 Callimachi
590 485 631 574 ¹),
662 487 718 573 qui
749 488 784 554 in
815 489 979 574 epitaphio

39 571 128 652 patris
154 571 205 636 sui
231 574 349 657 posuit,
380 596 461 660 quos
490 574 602 640 Musae
634 597 750 660 pueros
777 581 979 662 aspexerunt,

39 680 84 724 eos
104 681 160 744 per
182 663 287 726 totam
308 661 408 728 vitam
429 662 532 730 Musis
555 665 675 730 amicos
698 687 840 732 manere:

76 785 258 850 -Μοῦσαι
281 781 345 869 γὰρ
368 781 468 864 ὅσους
491 788 567 877 ἴδον
590 783 865 874 tenerescere,

65 867 154 957 ’Ἁχοι
177 875 267 956 βίου,
288 877 425 952 collove
448 869 510 942 οὐκ
532 871 696 944 ἀπέθεντο
719 881 847 962 φίλους.

38 995 124 1062 Venit
146 1000 179 1061 et
201 1019 241 1062 ex
263 1019 301 1064 ao
323 999 359 1064 in
380 1004 531 1086 mentem,
554 1003 640 1088 quod
654 1005 694 1068 eir
715 1006 822 1068 vetere
840 1003 980 1088 quodam

37 1085 121 1150 refert
147 1083 353 1154 Eustathius:
389 1111 468 1174 quos
501 1112 570 1156 non
597 1091 758 1176 aspiciunt
783 1090 905 1177 Musae,
934 1093 980 1156 eis

38 1171 130 1240 Circes
157 1177 276 1260 pocula
307 1176 405 1243 exitio
437 1198 520 1244 esse:
549 1172 610 1256 οὓς
642 1174 684 1245 οὐ
710 1181 918 1267 consociere
944 1180 983 1245 cl

37 1263 174 1346 Μοῦσαι,
204 1261 346 1342 τούτους
374 1268 463 1356 ποτῷ
497 1264 663 1352 δηλήσατο
690 1272 810 1355 Κίρκη.
854 1268 916 1336 Sed
947 1274 980 1334 at

38 1351 102 1416 illud
124 1351 219 1437 qnasi
241 1358 481 1439 praetereuntes
495 1358 688 1438 notavimus,
711 1358 845 1443 quodin
867 1358 979 1424 eodem

38 1441 80 1505 illo
100 1439 346 1528 Epigrammate
369 1448 427 1528 est,

67 1559 156 1631 ‘06’
182 1561 296 1651 ἤειοτο
317 1570 495 1654 κρείσσονα
516 1571 710 1654 flutuantes,

38 1691 235 1756 consimiliter
259 1692 404 1758 locutum
426 1693 527 1758 videri
548 1692 720 1760 Horatium
749 1693 888 1780 quodam
915 1694 982 1786 aliq

37 1777 93 1844 leco
107 1776 143 1866 ²),
167 1780 226 1844 ubi
249 1802 283 1846 se
306 1781 426 1847 inradia
448 1783 596 1850 maiorem
618 1783 813 1849 vaticinatur
834 1781 912 1848 fore.

371 2027 516 2096 cAPUT
538 2027 626 2096 XXI.

40 2145 242 2205 [τοῦτοτοῦτο
255 2149 563 2224 sonrunnrnnun
576 2151 790 2208 nsscnrrnro
804 2149 852 2208 ar
868 2149 979 2206 erens.

89 2276 260 2344 Proditum
282 2281 333 2343 est
354 2301 374 2345 a
396 2278 558 2344 veteribus
580 2277 699 2364 potitis,
726 2299 795 2344 esse
825 2279 980 2363 quasdam

40 2365 213 2433 inOceano
241 2366 373 2453 insulas,
401 2367 442 2433 ad
465 2389 545 2452 quas
568 2371 644 2452 post
669 2369 808 2432 mortem
834 2367 979 2432 deferan-

40 2459 213 2522 tricorum
235 2456 349 2540 animi,
375 2457 431 2542 qui
458 2459 568 2521 sancte
595 2456 806 2542 religioseque
833 2456 980 2522 vixerint.

41 2542 79 2608 lbi
98 2565 151 2610 eos
175 2545 263 2609 inter
286 2565 320 2610 se
342 2545 572 2611 iucundissime
594 2565 632 2610 ac
656 2545 844 2610 suavissime
866 2545 981 2629 virere,

41 2633 316 2700 inamoenissimo
343 2633 482 2719 quodam
508 2637 615 2719 prato,
643 2633 730 2718 quod
757 2653 903 2718 gemmea
924 2633 980 2699 flo-

41 2743 97 2786 rum
118 2723 222 2788 oculis
245 2722 441 2808 naribusque
455 2722 712 2808 gratissimorum
735 2722 890 2786 varietate
911 2742 981 2804 per·

41 2815 120 2891 petuo
144 2811 336 2876 distinctum
348 2811 607 2896 picturatumque
631 2810 681 2876 sit
717 2807 892 2894 Nunquam
914 2829 982 2874 non

43 2898 94 2965 illie
112 2901 219 2966 nitere
242 2901 375 2984 caelum,
396 2899 545 2965 frondere
560 2899 700 2981 arbores,
721 2899 894 2983 pubescere
910 2898 982 2962 her·

43 2985 95 3072 bas,
115 2989 220 3054 ridere
244 2989 363 3073 emnia,
385 2988 506 3073 spirare
522 2989 647 3053 assidue
661 2987 867 3054 mollissimos
881 2985 981 3052 Favo-

43 3076 109 3162 nius,
130 3099 269 3164 quorum
283 3077 418 3143 flabellis
441 3078 593 3143 arborum
610 3097 720 3142 comae
742 3077 858 3141 leniter
880 3076 983 3141 venti-

44 3163 112 3231 latae
134 3166 354 3251 placidissimo
367 3187 530 3231 murmure
545 3165 675 3230 auribus
693 3165 909 3230 blandiantur.
932 3163 983 3231 Eo

44 3255 178 3320 accedere
205 3254 472 3320 innumerabilem
498 3255 564 3319 vim
593 3275 631 3319 aa
662 3255 788 3338 copiam
819 3254 983 3320 immorta-

44 3339 109 3408 lium
131 3343 338 3429 avicularum,
360 3365 442 3429 quae
455 3364 557 3429 usque
580 3346 613 3408 et
630 3363 731 3429 usque
753 3343 983 3430 liquidissimus

105 3536 124 3606 ¹)
141 3537 238 3607 Epigr.
258 3533 345 3591 XXII.
364 3542 389 3594 4.

103 3607 123 3676 ¹)
141 3609 232 3664 earm.
250 3606 285 3662 11.
304 3613 347 3662 το.
366 3614 391 3662 4.

87 3704 183 3747 Meam
196 3714 243 3747 sca.
257 3715 307 3746 san.
320 3714 347 3745 rr.
739 3695 772 3748 10
