2326 3942
182 189 244 252 186
524 187 662 243 ORATIO
679 187 783 242 XVIII.
875 239 880 246 .

247 333 464 420 Argumenta,
499 333 615 417 quibus
651 333 816 415 nltuntur,
852 332 908 416 qui
944 333 1136 398 contrariam

180 423 375 486 sententiam
410 425 555 506 tuentur,
591 421 720 486 infirma
751 442 884 505 prorsus
917 423 949 485 et
979 421 1136 486 imbecilla

181 515 266 576 sunt.
293 511 397 576 Aiunt
419 513 542 575 veteres
565 509 652 594 illos,
676 511 731 594 qui
753 510 905 574 tantain
928 509 1136 576 admiratione

181 602 271 683 sunt,
290 621 348 663 sua
362 620 519 683 quemque
533 599 647 684 lingua
660 598 916 682 philosophatos.
943 597 1017 683 Ego
1033 602 1136 663 autem

181 688 229 752 ita
255 689 445 772 respondeo:
485 686 520 752 si
551 688 615 752 illis
644 709 771 772 quoque
799 687 999 770 temporibus
1028 688 1137 773 lingua

181 777 289 860 aliqua
319 777 435 842 fuisset
466 775 644 841 eommunis
681 775 839 860 omnium,
871 775 927 860 qui
957 775 1137 860 ubicunque

181 869 302 949 essent,
326 866 538 949 eruditorum,
559 865 674 950 ignota
692 864 820 948 ceteris,
843 865 953 947 quales
975 865 1038 928 hoc
1061 867 1138 929 tem·
1156 883 1157 900 ¹

180 976 259 1039 pore
287 952 442 1020 Graecam
474 956 507 1018 et
533 952 685 1018 Latinam
717 975 786 1018 esse
819 956 960 1036 constat,
991 975 1060 1018 non
1095 959 1138 1018 est

182 1043 329 1126 dubium,
367 1042 445 1126 quin
477 1063 515 1107 ea
546 1043 656 1128 potius
688 1041 902 1128 cogitationes
935 1063 1009 1106 suas
1042 1044 1139 1126 expli-

181 1131 285 1196 caturi
310 1131 433 1197 fuerint
459 1153 557 1216 quam
584 1153 635 1216 ea,
663 1153 744 1216 quae
772 1130 870 1216 vulgo
899 1151 1026 1214 quoque
1056 1152 1138 1196 com-

181 1221 288 1284 munis
316 1223 409 1284 esset.
445 1218 532 1284 Nam
558 1224 596 1285 ut
624 1223 739 1304 po'e'tae
766 1220 883 1304 vulgus
911 1219 972 1282 sibi
998 1219 1139 1284 invisum

181 1330 251 1373 esse
274 1309 480 1393 profitentur,
507 1310 554 1375 iba
580 1309 644 1392 ipsi
671 1329 798 1392 quoque
827 1308 868 1372 ad
891 1308 1043 1391 mysteria
1071 1309 1138 1392 phi-

181 1397 348 1482 losophiae
370 1399 500 1462 turbam
518 1397 750 1462 admittendam
773 1418 842 1462 non
860 1396 1033 1480 putabant,
1054 1396 1138 1462 ideo·

182 1509 244 1570 que
268 1487 485 1551 obscurabant
507 1509 546 1551 ea
568 1486 607 1551 de
629 1486 802 1570 industria,
826 1485 881 1548 alii
903 1485 1058 1570 numeris,
1088 1487 1158 1568 alii,

182 1575 359 1659 allegoriis,
391 1577 446 1639 alii
477 1575 650 1640 tenebroso
683 1575 824 1659 quodam
856 1573 983 1638 dicendi
1015 1594 1139 1658 genere,
1157 1571 1158 1610 l

182 1666 220 1725 ut
242 1663 463 1744 ostenderent,
486 1685 519 1727 se
538 1664 715 1746 sapientiae
737 1667 867 1728 tantum
890 1661 1042 1726 studiosis
1067 1665 1158 1728 scri-

181 1751 266 1815 bere.
294 1749 383 1827 Quae
397 1772 511 1815 caussa
523 1751 587 1815 fur
600 1752 781 1836 Aristoteli,
800 1773 856 1816 eur
869 1751 969 1816 libros
984 1752 1139 1850 quosdam

183 1843 315 1906 suoset
301 1839 441 1904 teditos
464 1861 534 1904 esse
558 1843 591 1904 et
612 1862 681 1904 non
703 1840 808 1906 editos
831 1839 958 1904 diceret
1104 1859 1105 1862 ’

248 1927 352 1994 Aiunt
370 1926 525 1995 Graecam
542 1928 614 1994 Lat
591 1931 756 2014 tmamque
774 1929 947 2014 linguam
938 1929 1139 2013 iampridem

183 2023 327 2084 mortuas
364 2039 443 2084 esse.
488 2017 561 2172 Ego
594 2039 669 2084 vero
702 2040 757 2082 eas
794 2039 882 2092 nunc
913 2017 1042 2082 demum
1075 2040 1141 2083 non

182 2112 311 2173 tantum
337 2108 444 2174 vivere
472 2111 505 2172 et
532 2108 640 2192 vigere
667 2107 842 2190 contendo,
870 2105 939 2190 sed,
966 2106 994 2169 si
1019 2107 1053 2170 in
1077 2111 1140 2170 tra-

183 2197 304 2262 latione
327 2197 537 2280 perstandum
561 2201 623 2281 est,
644 2196 738 2260 firma
760 2195 944 2260 valetudine
966 2195 1031 2279 uti,
1053 2199 1140 2278 post·
1158 2233 1159 2294 ,

184 2307 280 2368 quam
312 2305 381 2348 esse
413 2285 448 2348 in
483 2288 644 2386 potestate
679 2285 783 2368 plebis
820 2284 992 2348 desierunt
1038 2282 1159 2359 Quam

184 2372 239 2436 diu
257 2372 343 2436 enim
359 2373 536 2456 populari
526 2374 661 2457 imperio
680 2374 890 2458 regebantur,
907 2372 941 2436 id
959 2375 1021 2455 est,
1045 2395 1142 2456 quam

184 2461 239 2526 diu
266 2482 369 2562 penes·
392 2462 549 2546 populum
576 2466 658 2546 erat,
685 2466 722 2526 ut
749 2463 795 2526 ait
821 2458 1031 2546 Horatius*),
1059 2461 1141 2524 arbi·

184 2551 282 2614 trium
305 2549 410 2614 et1us
433 2553 466 2614 et
488 2572 603 2616 norma
624 2513 790 2634 ldquendi,
819 2549 946 2614 assidue
974 2550 1142 2634 agitaban-

184 2643 250 2721 tur,
277 2637 491 2723 fiuctuabant,
518 2639 600 2703 nihil
622 2639 788 2704 habebant
811 2641 946 2721 certum,
972 2638 1056 2702 nihil
1080 2642 1143 2702 sta-

184 2727 261 2811 bile,
297 2749 399 2792 unum
440 2729 603 2794 saeculum
643 2728 756 2792 eodem
797 2729 890 2792 vultu
927 2727 1043 2792 durare
1076 2747 1143 2792 non

74 2831 75 2836 ’
185 2819 349 2901 poterant:
372 2838 472 2900 nunc,
496 2838 534 2880 ex
553 2837 616 2899 quo
637 2816 677 2880 ad
697 2817 883 2900 optimates,
905 2818 943 2879 ut
960 2815 1007 2880 ita
1030 2814 1144 2898 dicam,

184 2903 333 2970 redactae
366 2909 454 2988 sunt,
490 2907 523 2969 et
555 2904 650 2968 certis
681 2927 701 2968 a
738 2903 948 2988 scriptoribus
978 2907 1144 2988 petuntur,

186 2995 281 3060 certis
304 2994 425 3078 regulis
449 3014 486 3058 ao
509 2993 790 3078 praeceptionibus
814 2993 1036 3077 eontinentur,
1063 2993 1144 3056 mul-

185 3083 228 3146 tis
260 3085 326 3148 iam
358 3082 493 3148 saeculis
525 3082 674 3146 fixaet
640 3087 674 3146 at
675 3104 736 3167 que
769 3081 985 3146 immutabiles
1018 3103 1145 3165 perma-

185 3175 274 3234 nent.
311 3168 380 3234 Si
371 3193 407 3235 ιιι
433 3171 523 3271 vulgi
549 3174 710 3254 potestate
738 3170 947 3253 mansissent,
972 3170 1071 3235 hodie
1095 3168 1146 3233 Ci-

186 3277 336 3322 ceronem
375 3279 443 3322 non
483 3260 518 3322 in
519 3260 749 3344 telfigeremus,
792 3258 1063 3360 quemadmodum
1103 3279 1145 3321 ne

187 3343 352 3410 Ciceronis
387 3345 517 3428 quidem
556 3347 805 3432 temporibus
795 3347 1062 3432 mtelligebantur
1099 3368 1147 3428 ea,

240 3535 265 3603 a)
285 3534 317 3588 ι.
337 3533 366 3588 P.
388 3540 429 3590 n.
