2330 3944
203 205 247 270 80
566 204 703 260 ORATIO
722 203 797 260 VIII.

202 351 329 416 mitetur.
374 347 461 414 Nam
484 352 517 413 εὴ
543 349 671 432 physici
699 349 830 433 docent,
863 371 945 433 quae
972 350 1073 434 cuique
1094 352 1129 414 rei

204 460 317 502 caussa
331 442 393 522 est,
408 442 446 502 ut
460 437 515 522 sit,
529 437 666 502 eandem
686 438 715 501 ei
730 459 800 503 esse
815 459 962 502 caussam
967 453 979 522 ,⁴
988 441 1023 502 ut
1034 439 1129 521 aliquid

203 550 223 592 a
249 531 291 590 at.
960 555 963 562 ·

225 547 247 612 g
272 613 334 678 Sed
358 615 548 681 omittamus
571 614 632 680 hos
659 615 773 679 molles
802 617 835 679 et
862 615 1027 698 delicatos,
1051 636 1130 698 neque

204 725 258 768 eos
287 725 326 767 ex
353 725 481 786 somno,
514 703 565 766 oui
596 706 665 766 tam
691 702 830 767 libenter
862 704 1043 788 indulgent,
1071 704 1131 766 exci-

203 795 323 876 temus,
345 795 575 874 teneamusque
597 791 644 875 id,
668 791 754 874 quod
773 814 793 856 a
813 791 1056 876 sapientissimis
1074 792 1131 854 viris

203 881 368 964 proditum
382 883 443 964 est,
462 879 544 944 nihil
559 901 627 944 esse
641 879 758 943 inertia
770 880 913 963 foedius3
932 881 997 944 otio
1012 879 1051 943 ali
1062 879 1132 960 vitia

204 969 320 1052 otium,
342 971 379 1032 ut
401 989 470 1032 non
488 968 696 1056 gravissimus
719 971 816 1051 polita
839 968 1026 1052 gravissime
1046 971 1132 1030 tamen

204 1057 320 1120 cecinit
347 1053 546 1143 Catullus*)‚
573 1078 642 1122 non
673 1057 806 1140 privatis
835 1057 935 1122 modo
967 1056 1132 1137 hominibus,

203 1143 315 1208 sedet
340 1145 470 1228 regibus
494 1147 527 1208 et
552 1145 643 1228 prius
669 1145 773 1209 beatis
796 1144 933 1210 urbibus
960 1144 1045 1210 exitii
1064 1165 1131 1208 caus·

203 1253 273 1296 sam
291 1233 399 1298 fuisse.
430 1230 511 1297 Cum
529 1233 630 1318 igitur
649 1233 753 1298 otiosa
768 1236 800 1296 et
818 1233 942 1318 ignara
954 1234 1020 1298 vita
1036 1254 1072 1296 ne
1083 1233 1133 1296 aa

203 1321 333 1404 quidem
363 1321 513 1386 habenda
541 1323 596 1404 sit,
627 1321 805 1405 videamus,
837 1343 920 1386 num
952 1321 993 1386 ad
1019 1321 1132 1404 aliquan

202 1411 311 1494 potius
335 1411 471 1474 aliarum
500 1409 631 1495 artium,
659 1431 756 1494 quam
779 1409 821 1473 ad
847 1409 988 1494 litteras,
1016 1409 1132 1474 animun

203 1499 339 1563 adiicere
362 1503 513 1582 praestet.

268 1587 428 1670 Equidem
446 1609 519 1651 oum
537 1591 645 1652 mente
663 1609 700 1652 ac
715 1587 913 1672 cogitatione
931 1589 1082 1672 perlustro
1093 1605 1132 1649 eas

203 1677 304 1758 artes,
327 1675 530 1758 quibuscum
548 1675 636 1739 hisce
655 1675 769 1739 studiis
788 1675 910 1740 nostris
926 1680 983 1740 aut
999 1675 1080 1740 nulla
1092 1675 1133 1736 aut

201 1782 270 1825 non
292 1783 412 1846 magna
431 1764 613 1828 communio
633 1767 695 1846 est,
718 1785 757 1826 ex
779 1762 819 1828 iis
842 1764 986 1848 quidem,
1009 1784 1081 1847 quae
1098 1762 1132 1822 ita

201 1851 401 1916 necessariae
429 1855 518 1936 sunt,
544 1855 582 1915 ut
609 1851 654 1936 eis
677 1851 789 1915 civitas
817 1853 910 1917 nullo
933 1849 1027 1918 modo
1049 1869 1132 1915 carere

202 1940 318 2025 possit,
342 1941 421 2005 duas
439 1940 628 2025 praecipuas
641 1937 761 2024 iudico,
780 1941 1014 2024 agriculturam
1026 1943 1055 2004 et
1070 1959 1132 2002 mer·

203 2032 361 2114 caturam3
394 2051 432 2094 ex
458 2029 498 2094 iis
526 2034 647 2114 autem,
679 2050 760 2113 quae
788 2029 829 2092 ad
862 2033 1081 2094 ornamentum
1103 2025 1133 2087 ci-

202 2117 313 2182 vitatis
337 2123 370 2182 et
392 2117 433 2182 ad
457 2119 581 2184 animos
608 2117 746 2182 honesta
768 2117 939 2201 voluptate
966 2115 1134 2203 perfunden-

202 2205 261 2269 ἀοι
279 2207 455 2288 pertinent,
474 2206 553 2270 duas
567 2206 698 2270 minime
718 2205 863 2270 sordidas
882 2207 1073 2290 minimeque
1087 2202 1134 2266 illi·

201 2292 339 2376 berales‚
366 2293 526 2376 picturam
548 2297 581 2356 et
608 2295 806 2358 statuariam.
855 2292 945 2360 Nam
968 2295 1051 2380 quod
1073 2289 1135 2356 boui

201 2401 413 2465 unaquaeque
436 2381 549 2446 civitas
571 2383 734 2466 percipere
758 2405 797 2446 ex
820 2404 878 2448 suo
902 2387 946 2448 et'
958 2383 1060 2469 patrio
1081 2380 1133 2444 solo

201 2473 323 2553 potest,
345 2469 379 2533 id
402 2470 600 2554 agricultura
623 2471 730 2536 educit
752 2474 848 2555 atque
868 2473 969 2556 elicit3
993 2469 1135 2557 quoeget

201 2557 235 2620 id
258 2556 386 2622 aliunde
413 2562 593 2624 mercatura
620 2562 809 2642 comportat.
863 2559 915 2625 Ita
943 2562 1053 2628 civitas
1081 2557 1135 2621 siue

202 2646 332 2710 alterius
356 2667 417 2730 ope
440 2669 481 2710 ne
505 2648 570 2712 suis
594 2647 722 2731 quidem
737 2649 851 2732 opibus
869 2648 1002 2733 fruitur,
1024 2646 1135 2712 alterius

201 2735 355 2800 beneficio
378 2735 497 2800 fruitur
520 2737 617 2800 etiam
640 2737 762 2802 alienis.
805 2735 972 2802 Pictorum
994 2739 1094 2802 autem
1112 2734 1137 2794 et

202 2825 431 2890 statuariorum
450 2846 548 2910 opera
566 2829 599 2889 et
621 2824 797 2910 uoluptatis
816 2827 911 2908 atque
933 2820 1136 2890 admirationis

200 2912 323 2979 habent
348 2914 536 2999 plurimum,
564 2917 597 2977 et
624 2933 705 2996 quae
731 2912 913 2978 liberalium
936 2915 1053 2978 artium
1073 2911 1137 2974 nota

202 3006 263 3088 est,
285 3003 422 3090 ingenii,
448 3025 517 3068 nou
540 2999 695 3086 corporis,
722 3001 843 3066 viribus
866 3006 1030 3086 constant,
1058 3001 1087 3064 et
1106 2995 1137 3060 ad

201 3092 454 3158 conservandam
486 3093 645 3158 clerorum
675 3090 818 3158 virorum
849 3092 1037 3156 memoriam
1070 3088 1138 3152 cete-

201 3202 317 3264 rosque
336 3183 377 3246 ad
400 3204 511 3248 eorum
528 3181 743 3246 imitationem
760 3179 942 3244 incitandos
960 3202 1028 3245 non
1043 3179 1137 3242 imme-

202 3268 265 3332 rito
280 3290 433 3354 magnam
446 3271 512 3334 vim
529 3269 647 3334 habere
666 3267 848 3334 creduntur.
876 3266 939 3334 Sed
953 3271 1063 3333 tamen
1079 3262 1138 3347 quis

202 3357 286 3423 ausit
317 3357 432 3422 harum
464 3357 582 3422 artium
609 3359 709 3424 ullam
735 3379 809 3424 cum
840 3357 1020 3423 litterarum
1046 3351 1137 3420 studio

271 3513 500 3622 amma
