<?xml version="1.0" encoding="UTF-8"?>
<!DOCTYPE html PUBLIC "-//W3C//DTD XHTML 1.0 Transitional//EN"
    "http://www.w3.org/TR/xhtml1/DTD/xhtml1-transitional.dtd">
<html xmlns="http://www.w3.org/1999/xhtml" xml:lang="en" lang="en">
 <head>
  <title>
</title>
<meta http-equiv="Content-Type" content="text/html;charset=utf-8" />
  <meta name='ocr-system' content='tesseract 3.04.00' />
  <meta name='ocr-capabilities' content='ocr_page ocr_carea ocr_par ocr_line ocrx_word'/>
</head>
<body>
  <div class='ocr_page' id='page_1' title='image "./mantoniimuretis00freygoog_0319.png"; bbox 0 0 2328 3956; ppageno 0'>
   <div class='ocr_carea' id='block_1_1' title="bbox 176 159 781 224">
    <p class='ocr_par' dir='ltr' id='par_1_1' title="bbox 176 159 781 224">
     <span class='ocr_line' id='line_1_1' title="bbox 176 159 781 224; baseline -0.012 0"><span class='ocrx_word' id='word_1_1' title='bbox 176 159 220 224; x_wconf 87' lang='lat'><strong>80</strong></span> <span class='ocrx_word' id='word_1_2' title='bbox 526 161 705 218; x_wconf 83' lang='lat' dir='ltr'><strong>EPISTOLA</strong></span> <span class='ocrx_word' id='word_1_3' title='bbox 723 160 781 217; x_wconf 82' lang='lat' dir='ltr'><strong>LX.</strong></span> 
     </span>
    </p>
   </div>
   <div class='ocr_carea' id='block_1_2' title="bbox 175 305 1140 3581">
    <p class='ocr_par' dir='ltr' id='par_1_2' title="bbox 175 305 1142 2958">
     <span class='ocr_line' id='line_1_2' title="bbox 177 305 1115 390; baseline -0.002 -20"><span class='ocrx_word' id='word_1_4' title='bbox 177 305 343 389; x_wconf 84' lang='lat' dir='ltr'><strong>ingentem</strong></span> <span class='ocrx_word' id='word_1_5' title='bbox 370 305 495 390; x_wconf 75' lang='lat' dir='ltr'><strong>copiam</strong></span> <span class='ocrx_word' id='word_1_6' title='bbox 526 306 694 372; x_wconf 82' lang='lat' dir='ltr'><strong>habiturus</strong></span> <span class='ocrx_word' id='word_1_7' title='bbox 727 309 814 370; x_wconf 79' lang='lat' dir='ltr'><strong>esset</strong></span> <span class='ocrx_word' id='word_1_8' title='bbox 844 305 1115 370; x_wconf 89' lang='lat' dir='ltr'><strong>eruditissimorum</strong></span> 
     </span>
     <span class='ocr_line' id='line_1_3' title="bbox 176 393 1115 479; baseline 0 -21"><span class='ocrx_word' id='word_1_9' title='bbox 176 393 359 477; x_wconf 87' lang='lat' dir='ltr'><strong>hominum,</strong></span> <span class='ocrx_word' id='word_1_10' title='bbox 387 395 442 479; x_wconf 93' lang='lat' dir='ltr'><strong>qui</strong></span> <span class='ocrx_word' id='word_1_11' title='bbox 465 416 498 460; x_wconf 90' lang='lat' dir='ltr'><strong>se</strong></span> <span class='ocrx_word' id='word_1_12' title='bbox 520 395 556 460; x_wconf 94' lang='lat' dir='ltr'><strong>in</strong></span> <span class='ocrx_word' id='word_1_13' title='bbox 578 396 684 460; x_wconf 90' lang='lat' dir='ltr'><strong>locum</strong></span> <span class='ocrx_word' id='word_1_14' title='bbox 706 415 814 459; x_wconf 92' lang='lat' dir='ltr'><strong>meum</strong></span> <span class='ocrx_word' id='word_1_15' title='bbox 845 394 997 460; x_wconf 87' lang='lat' dir='ltr'><strong>substitui</strong></span> <span class='ocrx_word' id='word_1_16' title='bbox 1021 397 1115 478; x_wconf 89' lang='lat' dir='ltr'><strong>postu-</strong></span> 
     </span>
     <span class='ocr_line' id='line_1_4' title="bbox 177 481 1116 569; baseline -0.001 -23"><span class='ocrx_word' id='word_1_17' title='bbox 177 483 291 547; x_wconf 86' lang='lat' dir='ltr'><strong>larent.</strong></span> <span class='ocrx_word' id='word_1_18' title='bbox 327 481 449 548; x_wconf 76' lang='lat' dir='ltr'><strong>Contra</strong></span> <span class='ocrx_word' id='word_1_19' title='bbox 470 487 580 548; x_wconf 88' lang='lat' dir='ltr'><strong>tamen</strong></span> <span class='ocrx_word' id='word_1_20' title='bbox 594 483 722 567; x_wconf 89' lang='lat' dir='ltr'><strong>accidit,</strong></span> <span class='ocrx_word' id='word_1_21' title='bbox 745 505 842 569; x_wconf 90' lang='lat' dir='ltr'><strong>quarn</strong></span> <span class='ocrx_word' id='word_1_22' title='bbox 863 486 1020 567; x_wconf 88' lang='lat' dir='ltr'><strong>putaram.</strong></span> <span class='ocrx_word' id='word_1_23' title='bbox 1053 481 1116 546; x_wconf 81' lang='lat' dir='ltr'><strong>llte</strong></span> 
     </span>
     <span class='ocr_line' id='line_1_5' title="bbox 177 569 1115 638; baseline -0.001 -4"><span class='ocrx_word' id='word_1_24' title='bbox 177 569 247 634; x_wconf 91' lang='lat' dir='ltr'><strong>nim</strong></span> <span class='ocrx_word' id='word_1_25' title='bbox 274 592 347 635; x_wconf 91' lang='lat' dir='ltr'><strong>cum</strong></span> <span class='ocrx_word' id='word_1_26' title='bbox 373 593 484 636; x_wconf 90' lang='lat' dir='ltr'><strong>rumor</strong></span> <span class='ocrx_word' id='word_1_27' title='bbox 511 572 549 636; x_wconf 89' lang='lat' dir='ltr'><strong>de</strong></span> <span class='ocrx_word' id='word_1_28' title='bbox 580 593 652 638; x_wconf 90' lang='lat' dir='ltr'><strong>meo</strong></span> <span class='ocrx_word' id='word_1_29' title='bbox 685 572 826 638; x_wconf 81' lang='lat' dir='ltr'><strong>discessu</strong></span> <span class='ocrx_word' id='word_1_30' title='bbox 856 575 928 636; x_wconf 86' lang='lat' dir='ltr'><strong>tota</strong></span> <span class='ocrx_word' id='word_1_31' title='bbox 953 572 1019 636; x_wconf 85' lang='lat' dir='ltr'><strong>iam</strong></span> <span class='ocrx_word' id='word_1_32' title='bbox 1043 569 1115 635; x_wconf 89' lang='lat' dir='ltr'>Urbe</span> 
     </span>
     <span class='ocr_line' id='line_1_6' title="bbox 175 657 1116 746; baseline -0.002 -24"><span class='ocrx_word' id='word_1_33' title='bbox 175 659 385 744; x_wconf 75' lang='lat' dir='ltr'><strong>pervulgatus</strong></span> <span class='ocrx_word' id='word_1_34' title='bbox 408 664 501 746; x_wconf 89' lang='lat' dir='ltr'><strong>esset,</strong></span> <span class='ocrx_word' id='word_1_35' title='bbox 515 659 764 726; x_wconf 71' lang='lat' dir='ltr'><strong>conservatores</strong></span> <span class='ocrx_word' id='word_1_36' title='bbox 786 661 899 745; x_wconf 91' lang='lat' dir='ltr'><strong>populi</strong></span> <span class='ocrx_word' id='word_1_37' title='bbox 921 659 1065 743; x_wconf 87' lang='lat' dir='ltr'><strong>Romani,</strong></span> <span class='ocrx_word' id='word_1_38' title='bbox 1084 657 1116 741; x_wconf 84' lang='lat' dir='ltr'><strong>(is</strong></span> 
     </span>
     <span class='ocr_line' id='line_1_7' title="bbox 175 748 1117 835; baseline 0.001 -24"><span class='ocrx_word' id='word_1_39' title='bbox 175 768 323 812; x_wconf 88' lang='lat' dir='ltr'><strong>summus</strong></span> <span class='ocrx_word' id='word_1_40' title='bbox 350 749 558 834; x_wconf 73' lang='lat' dir='ltr'><strong>magistratus</strong></span> <span class='ocrx_word' id='word_1_41' title='bbox 589 753 639 816; x_wconf 90' lang='lat' dir='ltr'><strong>est</strong></span> <span class='ocrx_word' id='word_1_42' title='bbox 665 771 788 833; x_wconf 90' lang='lat' dir='ltr'><strong>eorum,</strong></span> <span class='ocrx_word' id='word_1_43' title='bbox 820 749 875 835; x_wconf 91' lang='lat' dir='ltr'><strong>qui</strong></span> <span class='ocrx_word' id='word_1_44' title='bbox 900 748 997 813; x_wconf 92' lang='lat' dir='ltr'><strong>hodie</strong></span> <span class='ocrx_word' id='word_1_45' title='bbox 1023 748 1117 832; x_wconf 84' lang='lat' dir='ltr'><strong>populi</strong></span> 
     </span>
     <span class='ocr_line' id='line_1_8' title="bbox 180 835 1116 922; baseline 0 -23"><span class='ocrx_word' id='word_1_46' title='bbox 180 835 341 921; x_wconf 83' lang='lat' dir='ltr'><strong>suffragiis</strong></span> <span class='ocrx_word' id='word_1_47' title='bbox 365 837 572 922; x_wconf 84' lang='lat' dir='ltr'><strong>deferuntur,)</strong></span> <span class='ocrx_word' id='word_1_48' title='bbox 595 837 636 902; x_wconf 86' lang='lat' dir='ltr'><strong>ad</strong></span> <span class='ocrx_word' id='word_1_49' title='bbox 657 836 847 903; x_wconf 84' lang='lat' dir='ltr'><strong>Pontificem</strong></span> <span class='ocrx_word' id='word_1_50' title='bbox 869 837 1038 922; x_wconf 88' lang='lat' dir='ltr'><strong>accedunt,</strong></span> <span class='ocrx_word' id='word_1_51' title='bbox 1058 857 1116 900; x_wconf 89' lang='lat' dir='ltr'><strong>cun</strong></span> 
     </span>
     <span class='ocr_line' id='line_1_9' title="bbox 179 923 1117 1010; baseline 0 -23"><span class='ocrx_word' id='word_1_52' title='bbox 179 928 365 1006; x_wconf 82' lang='lat' dir='ltr'><strong>praesentes</strong></span> <span class='ocrx_word' id='word_1_53' title='bbox 388 926 485 991; x_wconf 81' lang='lat' dir='ltr'><strong>etiam</strong></span> <span class='ocrx_word' id='word_1_54' title='bbox 514 926 663 990; x_wconf 86' lang='lat' dir='ltr'><strong>adessent</strong></span> <span class='ocrx_word' id='word_1_55' title='bbox 690 925 714 990; x_wconf 94' lang='lat' dir='ltr'><strong>ii</strong></span> <span class='ocrx_word' id='word_1_56' title='bbox 737 947 776 990; x_wconf 90' lang='lat' dir='ltr'><strong>ex</strong></span> <span class='ocrx_word' id='word_1_57' title='bbox 798 923 1039 1010; x_wconf 75' lang='lat' dir='ltr'><strong>Cardinalibus,</strong></span> <span class='ocrx_word' id='word_1_58' title='bbox 1063 925 1117 1009; x_wconf 89' lang='lat' dir='ltr'><strong>qui-</strong></span> 
     </span>
     <span class='ocr_line' id='line_1_10' title="bbox 180 1012 1117 1100; baseline 0.001 -25"><span class='ocrx_word' id='word_1_59' title='bbox 180 1012 240 1076; x_wconf 87' lang='lat' dir='ltr'><strong>bus</strong></span> <span class='ocrx_word' id='word_1_60' title='bbox 269 1013 447 1079; x_wconf 90' lang='lat' dir='ltr'><strong>studiorum</strong></span> <span class='ocrx_word' id='word_1_61' title='bbox 474 1037 551 1080; x_wconf 86' lang='lat' dir='ltr'><strong>cure</strong></span> <span class='ocrx_word' id='word_1_62' title='bbox 576 1015 747 1080; x_wconf 88' lang='lat' dir='ltr'><strong>commissa</strong></span> <span class='ocrx_word' id='word_1_63' title='bbox 774 1017 836 1097; x_wconf 89' lang='lat' dir='ltr'><strong>est,</strong></span> <span class='ocrx_word' id='word_1_64' title='bbox 867 1036 1001 1100; x_wconf 89' lang='lat' dir='ltr'><strong>remque</strong></span> <span class='ocrx_word' id='word_1_65' title='bbox 1027 1014 1054 1077; x_wconf 90' lang='lat' dir='ltr'><strong>ei</strong></span> <span class='ocrx_word' id='word_1_66' title='bbox 1078 1035 1117 1076; x_wconf 84' lang='lat' dir='ltr'><strong>er·</strong></span> 
     </span>
     <span class='ocr_line' id='line_1_11' title="bbox 180 1102 1118 1188; baseline -0.001 -25"><span class='ocrx_word' id='word_1_67' title='bbox 180 1105 306 1182; x_wconf 90' lang='lat' dir='ltr'><strong>ponunt</strong></span> <span class='ocrx_word' id='word_1_68' title='bbox 329 1104 424 1186; x_wconf 90' lang='lat' dir='ltr'><strong>atque</strong></span> <span class='ocrx_word' id='word_1_69' title='bbox 448 1105 549 1168; x_wconf 90' lang='lat' dir='ltr'><strong>abeo</strong></span> <span class='ocrx_word' id='word_1_70' title='bbox 573 1103 732 1188; x_wconf 89' lang='lat' dir='ltr'><strong>supplices</strong></span> <span class='ocrx_word' id='word_1_71' title='bbox 754 1106 882 1188; x_wconf 86' lang='lat' dir='ltr'><strong>petunt,</strong></span> <span class='ocrx_word' id='word_1_72' title='bbox 908 1125 951 1167; x_wconf 90' lang='lat' dir='ltr'><strong>ne</strong></span> <span class='ocrx_word' id='word_1_73' title='bbox 975 1125 1026 1168; x_wconf 91' lang='lat' dir='ltr'><strong>me</strong></span> <span class='ocrx_word' id='word_1_74' title='bbox 1047 1102 1118 1166; x_wconf 81' lang='lat' dir='ltr'><strong>abire</strong></span> 
     </span>
     <span class='ocr_line' id='line_1_12' title="bbox 180 1189 1118 1276; baseline 0 -25"><span class='ocrx_word' id='word_1_75' title='bbox 180 1189 335 1274; x_wconf 74' lang='lat' dir='ltr'><strong>patietur,</strong></span> <span class='ocrx_word' id='word_1_76' title='bbox 364 1191 486 1256; x_wconf 83' lang='lat' dir='ltr'><strong>addunt</strong></span> <span class='ocrx_word' id='word_1_77' title='bbox 511 1194 614 1256; x_wconf 88' lang='lat' dir='ltr'><strong>multa</strong></span> <span class='ocrx_word' id='word_1_78' title='bbox 643 1193 681 1257; x_wconf 91' lang='lat' dir='ltr'><strong>de</strong></span> <span class='ocrx_word' id='word_1_79' title='bbox 708 1213 772 1276; x_wconf 92' lang='lat' dir='ltr'><strong>me,</strong></span> <span class='ocrx_word' id='word_1_80' title='bbox 805 1213 885 1276; x_wconf 80' lang='lat' dir='ltr'><strong>quse</strong></span> <span class='ocrx_word' id='word_1_81' title='bbox 917 1191 1006 1256; x_wconf 89' lang='lat' dir='ltr'><strong>malo</strong></span> <span class='ocrx_word' id='word_1_82' title='bbox 1033 1194 1063 1255; x_wconf 88' lang='lat' dir='ltr'><strong>te</strong></span> <span class='ocrx_word' id='word_1_83' title='bbox 1090 1211 1118 1252; x_wconf 87' lang='lat' dir='ltr'><strong>er</strong></span> 
     </span>
     <span class='ocr_line' id='line_1_13' title="bbox 180 1277 1117 1365; baseline 0 -24"><span class='ocrx_word' id='word_1_84' title='bbox 180 1277 252 1341; x_wconf 86' lang='lat' dir='ltr'><strong>aliis</strong></span> <span class='ocrx_word' id='word_1_85' title='bbox 275 1299 475 1364; x_wconf 81' lang='lat' dir='ltr'><strong>cognoscere.</strong></span> <span class='ocrx_word' id='word_1_86' title='bbox 511 1279 660 1345; x_wconf 82' lang='lat' dir='ltr'><strong>Pontifex</strong></span> <span class='ocrx_word' id='word_1_87' title='bbox 683 1280 823 1365; x_wconf 80' lang='lat' dir='ltr'><strong>benigne</strong></span> <span class='ocrx_word' id='word_1_88' title='bbox 845 1301 901 1344; x_wconf 86' lang='lat' dir='ltr'><strong>eos</strong></span> <span class='ocrx_word' id='word_1_89' title='bbox 923 1279 1029 1363; x_wconf 85' lang='lat' dir='ltr'><strong>audit,</strong></span> <span class='ocrx_word' id='word_1_90' title='bbox 1049 1280 1117 1343; x_wconf 90' lang='lat' dir='ltr'><strong>bono</strong></span> 
     </span>
     <span class='ocr_line' id='line_1_14' title="bbox 180 1366 1118 1454; baseline -0.002 -22"><span class='ocrx_word' id='word_1_91' title='bbox 180 1366 289 1432; x_wconf 79' lang='lat' dir='ltr'><strong>animo</strong></span> <span class='ocrx_word' id='word_1_92' title='bbox 312 1389 382 1432; x_wconf 86' lang='lat' dir='ltr'><strong>esse</strong></span> <span class='ocrx_word' id='word_1_93' title='bbox 403 1369 502 1451; x_wconf 89' lang='lat' dir='ltr'><strong>iubet,</strong></span> <span class='ocrx_word' id='word_1_94' title='bbox 524 1390 567 1451; x_wconf 89' lang='lat' dir='ltr'><strong>sc,</strong></span> <span class='ocrx_word' id='word_1_95' title='bbox 590 1368 675 1454; x_wconf 92' lang='lat' dir='ltr'><strong>quod</strong></span> <span class='ocrx_word' id='word_1_96' title='bbox 689 1389 770 1452; x_wconf 90' lang='lat' dir='ltr'><strong>opus</strong></span> <span class='ocrx_word' id='word_1_97' title='bbox 789 1368 882 1452; x_wconf 87' lang='lat' dir='ltr'><strong>foret,</strong></span> <span class='ocrx_word' id='word_1_98' title='bbox 904 1369 1118 1452; x_wconf 87' lang='lat' dir='ltr'><strong>imperaturum</strong></span> 
     </span>
     <span class='ocr_line' id='line_1_15' title="bbox 181 1456 1118 1541; baseline 0 -24"><span class='ocrx_word' id='word_1_99' title='bbox 181 1474 251 1518; x_wconf 88' lang='lat' dir='ltr'><strong>esse</strong></span> <span class='ocrx_word' id='word_1_100' title='bbox 274 1457 449 1522; x_wconf 86' lang='lat' dir='ltr'><strong>confirmat.</strong></span> <span class='ocrx_word' id='word_1_101' title='bbox 489 1456 604 1521; x_wconf 82' lang='lat' dir='ltr'><strong>Paucis</strong></span> <span class='ocrx_word' id='word_1_102' title='bbox 627 1459 703 1541; x_wconf 89' lang='lat' dir='ltr'><strong>post</strong></span> <span class='ocrx_word' id='word_1_103' title='bbox 724 1457 836 1522; x_wconf 88' lang='lat' dir='ltr'><strong>diebus</strong></span> <span class='ocrx_word' id='word_1_104' title='bbox 858 1478 917 1540; x_wconf 88' lang='lat' dir='ltr'><strong>per</strong></span> <span class='ocrx_word' id='word_1_105' title='bbox 939 1456 1118 1522; x_wconf 88' lang='lat' dir='ltr'><strong>Ludoricum</strong></span> 
     </span>
     <span class='ocr_line' id='line_1_16' title="bbox 181 1539 1118 1630; baseline 0.001 -24"><span class='ocrx_word' id='word_1_106' title='bbox 181 1539 375 1610; x_wconf 75' lang='lat' dir='ltr'><strong>Castaneum</strong></span> <span class='ocrx_word' id='word_1_107' title='bbox 388 1545 638 1630; x_wconf 85' lang='lat' dir='ltr'><strong>Rupipozaeum,</strong></span> <span class='ocrx_word' id='word_1_108' title='bbox 661 1543 929 1610; x_wconf 77' lang='lat' dir='ltr'><strong>Christianissimi</strong></span> <span class='ocrx_word' id='word_1_109' title='bbox 950 1545 1037 1630; x_wconf 86' lang='lat' dir='ltr'><strong>regis</strong></span> <span class='ocrx_word' id='word_1_110' title='bbox 1057 1543 1118 1608; x_wconf 86' lang='lat' dir='ltr'><strong>Ora·</strong></span> 
     </span>
     <span class='ocr_line' id='line_1_17' title="bbox 181 1632 1117 1719; baseline 0.004 -28"><span class='ocrx_word' id='word_1_111' title='bbox 181 1632 297 1714; x_wconf 89' lang='lat' dir='ltr'><strong>torem,</strong></span> <span class='ocrx_word' id='word_1_112' title='bbox 319 1633 423 1698; x_wconf 85' lang='lat' dir='ltr'><strong>virum</strong></span> <span class='ocrx_word' id='word_1_113' title='bbox 447 1638 479 1698; x_wconf 91' lang='lat' dir='ltr'><strong>et</strong></span> <span class='ocrx_word' id='word_1_114' title='bbox 501 1633 646 1698; x_wconf 89' lang='lat' dir='ltr'><strong>claritate</strong></span> <span class='ocrx_word' id='word_1_115' title='bbox 665 1634 792 1719; x_wconf 84' lang='lat' dir='ltr'><strong>generis</strong></span> <span class='ocrx_word' id='word_1_116' title='bbox 815 1637 849 1699; x_wconf 90' lang='lat' dir='ltr'><strong>et</strong></span> <span class='ocrx_word' id='word_1_117' title='bbox 870 1634 991 1698; x_wconf 81' lang='lat' dir='ltr'><strong>virtute</strong></span> <span class='ocrx_word' id='word_1_118' title='bbox 1014 1637 1045 1698; x_wconf 89' lang='lat' dir='ltr'><strong>et</strong></span> <span class='ocrx_word' id='word_1_119' title='bbox 1065 1653 1117 1695; x_wconf 89' lang='lat' dir='ltr'><strong>eru·</strong></span> 
     </span>
     <span class='ocr_line' id='line_1_18' title="bbox 181 1717 1117 1814; baseline 0.001 -34"><span class='ocrx_word' id='word_1_120' title='bbox 181 1717 303 1782; x_wconf 89' lang='lat' dir='ltr'><strong>ditione</strong></span> <span class='ocrx_word' id='word_1_121' title='bbox 316 1725 541 1808; x_wconf 87' lang='lat' dir='ltr'><strong>praestantem,</strong></span> <span class='ocrx_word' id='word_1_122' title='bbox 554 1722 645 1786; x_wconf 88' lang='lat' dir='ltr'><strong>iubet</strong></span> <span class='ocrx_word' id='word_1_123' title='bbox 657 1722 738 1814; x_wconf 77' lang='lat' dir='ltr'><strong>mihi</strong></span> <span class='ocrx_word' id='word_1_124' title='bbox 748 1722 939 1806; x_wconf 84' lang='lat' dir='ltr'><strong>denuntiari,</strong></span> <span class='ocrx_word' id='word_1_125' title='bbox 953 1743 997 1787; x_wconf 91' lang='lat' dir='ltr'><strong>ne</strong></span> <span class='ocrx_word' id='word_1_126' title='bbox 1009 1723 1117 1786; x_wconf 85' lang='lat' dir='ltr'><strong>abeam:</strong></span> 
     </span>
     <span class='ocr_line' id='line_1_19' title="bbox 182 1806 1118 1896; baseline 0.001 -27"><span class='ocrx_word' id='word_1_127' title='bbox 182 1806 245 1871; x_wconf 89' lang='lat' dir='ltr'><strong>sibi</strong></span> <span class='ocrx_word' id='word_1_128' title='bbox 271 1829 363 1873; x_wconf 82' lang='lat' dir='ltr'><strong>curce</strong></span> <span class='ocrx_word' id='word_1_129' title='bbox 389 1810 471 1893; x_wconf 90' lang='lat' dir='ltr'><strong>fore,</strong></span> <span class='ocrx_word' id='word_1_130' title='bbox 498 1832 539 1874; x_wconf 91' lang='lat' dir='ltr'><strong>ne</strong></span> <span class='ocrx_word' id='word_1_131' title='bbox 566 1833 632 1894; x_wconf 90' lang='lat' dir='ltr'><strong>me,</strong></span> <span class='ocrx_word' id='word_1_132' title='bbox 659 1810 745 1896; x_wconf 93' lang='lat' dir='ltr'><strong>quod</strong></span> <span class='ocrx_word' id='word_1_133' title='bbox 775 1811 960 1876; x_wconf 87' lang='lat' dir='ltr'><strong>auctoritati</strong></span> <span class='ocrx_word' id='word_1_134' title='bbox 985 1831 1057 1876; x_wconf 85' lang='lat' dir='ltr'><strong>suec</strong></span> <span class='ocrx_word' id='word_1_135' title='bbox 1076 1830 1118 1892; x_wconf 86' lang='lat' dir='ltr'><strong>pa·</strong></span> 
     </span>
     <span class='ocr_line' id='line_1_20' title="bbox 181 1896 1117 1984; baseline 0.005 -25"><span class='ocrx_word' id='word_1_136' title='bbox 181 1896 330 1980; x_wconf 79' lang='lat' dir='ltr'><strong>nussam,</strong></span> <span class='ocrx_word' id='word_1_137' title='bbox 361 1899 548 1982; x_wconf 89' lang='lat' dir='ltr'><strong>poeniteret.</strong></span> <span class='ocrx_word' id='word_1_138' title='bbox 602 1899 781 1984; x_wconf 84' lang='lat' dir='ltr'><strong>Respondi,</strong></span> <span class='ocrx_word' id='word_1_139' title='bbox 811 1899 935 1963; x_wconf 87' lang='lat' dir='ltr'><strong>nullam</strong></span> <span class='ocrx_word' id='word_1_140' title='bbox 967 1898 1117 1984; x_wconf 84' lang='lat' dir='ltr'><strong>pecuniam</strong></span> 
     </span>
     <span class='ocr_line' id='line_1_21' title="bbox 181 1985 1118 2073; baseline -0.001 -25"><span class='ocrx_word' id='word_1_141' title='bbox 181 1985 262 2049; x_wconf 91' lang='lat' dir='ltr'><strong>mihi</strong></span> <span class='ocrx_word' id='word_1_142' title='bbox 288 2007 358 2051; x_wconf 88' lang='lat' dir='ltr'><strong>esse</strong></span> <span class='ocrx_word' id='word_1_143' title='bbox 383 1989 480 2072; x_wconf 88' lang='lat' dir='ltr'><strong>tanti,</strong></span> <span class='ocrx_word' id='word_1_144' title='bbox 506 1992 544 2052; x_wconf 91' lang='lat' dir='ltr'><strong>ut</strong></span> <span class='ocrx_word' id='word_1_145' title='bbox 569 1988 649 2052; x_wconf 90' lang='lat' dir='ltr'><strong>mihi</strong></span> <span class='ocrx_word' id='word_1_146' title='bbox 672 1987 847 2073; x_wconf 89' lang='lat' dir='ltr'><strong>quidquam</strong></span> <span class='ocrx_word' id='word_1_147' title='bbox 869 1988 1025 2073; x_wconf 85' lang='lat' dir='ltr'><strong>placeret,</strong></span> <span class='ocrx_word' id='word_1_148' title='bbox 1051 1985 1118 2072; x_wconf 90' lang='lat' dir='ltr'><strong>quod</strong></span> 
     </span>
     <span class='ocr_line' id='line_1_22' title="bbox 182 2070 1140 2162; baseline 0.009 -27"><span class='ocrx_word' id='word_1_149' title='bbox 182 2070 331 2138; x_wconf 88' lang='lat' dir='ltr'><strong>Pontifici</strong></span> <span class='ocrx_word' id='word_1_150' title='bbox 362 2075 556 2161; x_wconf 86' lang='lat' dir='ltr'><strong>displiceret,</strong></span> <span class='ocrx_word' id='word_1_151' title='bbox 588 2080 621 2142; x_wconf 91' lang='lat' dir='ltr'><strong>et</strong></span> <span class='ocrx_word' id='word_1_152' title='bbox 651 2076 863 2142; x_wconf 87' lang='lat' dir='ltr'><strong>honorificum</strong></span> <span class='ocrx_word' id='word_1_153' title='bbox 895 2077 1026 2162; x_wconf 91' lang='lat' dir='ltr'><strong>quidem</strong></span> <span class='ocrx_word' id='word_1_154' title='bbox 1055 2074 1140 2144; x_wconf 48' lang='lat' dir='ltr'><strong>mihi¹</strong></span> 
     </span>
     <span class='ocr_line' id='line_1_23' title="bbox 182 2161 1117 2250; baseline 0.001 -27"><span class='ocrx_word' id='word_1_155' title='bbox 182 2161 286 2224; x_wconf 86' lang='lat' dir='ltr'><strong>visum</strong></span> <span class='ocrx_word' id='word_1_156' title='bbox 309 2183 392 2248; x_wconf 86' lang='lat' dir='ltr'><strong>esse,</strong></span> <span class='ocrx_word' id='word_1_157' title='bbox 420 2165 506 2250; x_wconf 92' lang='lat' dir='ltr'><strong>quod</strong></span> <span class='ocrx_word' id='word_1_158' title='bbox 532 2187 552 2229; x_wconf 87' lang='lat' dir='ltr'><strong>a</strong></span> <span class='ocrx_word' id='word_1_159' title='bbox 574 2168 667 2230; x_wconf 88' lang='lat' dir='ltr'><strong>tanto</strong></span> <span class='ocrx_word' id='word_1_160' title='bbox 689 2185 766 2250; x_wconf 81' lang='lat' dir='ltr'><strong>rege</strong></span> <span class='ocrx_word' id='word_1_161' title='bbox 787 2186 932 2249; x_wconf 76' lang='lat' dir='ltr'><strong>vocarer,</strong></span> <span class='ocrx_word' id='word_1_162' title='bbox 955 2167 1014 2230; x_wconf 91' lang='lat' dir='ltr'><strong>sed</strong></span> <span class='ocrx_word' id='word_1_163' title='bbox 1035 2164 1117 2229; x_wconf 87' lang='lat' dir='ltr'><strong>multo</strong></span> 
     </span>
     <span class='ocr_line' id='line_1_24' title="bbox 181 2246 1117 2339; baseline 0.004 -29"><span class='ocrx_word' id='word_1_164' title='bbox 181 2246 452 2336; x_wconf 88' lang='lat' dir='ltr'><strong>honorificentius,</strong></span> <span class='ocrx_word' id='word_1_165' title='bbox 476 2254 561 2339; x_wconf 91' lang='lat' dir='ltr'><strong>quod</strong></span> <span class='ocrx_word' id='word_1_166' title='bbox 584 2257 617 2317; x_wconf 92' lang='lat' dir='ltr'><strong>et</strong></span> <span class='ocrx_word' id='word_1_167' title='bbox 639 2277 659 2318; x_wconf 88' lang='lat' dir='ltr'><strong>a</strong></span> <span class='ocrx_word' id='word_1_168' title='bbox 676 2253 832 2319; x_wconf 88' lang='lat' dir='ltr'><strong>Pontifice</strong></span> <span class='ocrx_word' id='word_1_169' title='bbox 855 2258 888 2318; x_wconf 91' lang='lat' dir='ltr'><strong>et</strong></span> <span class='ocrx_word' id='word_1_170' title='bbox 910 2275 930 2317; x_wconf 86' lang='lat' dir='ltr'><strong>a</strong></span> <span class='ocrx_word' id='word_1_171' title='bbox 951 2255 1014 2318; x_wconf 88' lang='lat' dir='ltr'><strong>tali</strong></span> <span class='ocrx_word' id='word_1_172' title='bbox 1027 2251 1117 2318; x_wconf 83' lang='lat' dir='ltr'><strong>Ponti·</strong></span> 
     </span>
     <span class='ocr_line' id='line_1_25' title="bbox 181 2336 1138 2428; baseline 0.004 -29"><span class='ocrx_word' id='word_1_173' title='bbox 181 2336 239 2400; x_wconf 89' lang='lat' dir='ltr'><strong>fice</strong></span> <span class='ocrx_word' id='word_1_174' title='bbox 260 2338 423 2406; x_wconf 89' lang='lat' dir='ltr'><strong>retinerer.</strong></span> <span class='ocrx_word' id='word_1_175' title='bbox 477 2341 626 2407; x_wconf 85' lang='lat' dir='ltr'><strong>Pontifex</strong></span> <span class='ocrx_word' id='word_1_176' title='bbox 658 2346 771 2426; x_wconf 80' lang='lat' dir='ltr'><strong>postes</strong></span> <span class='ocrx_word' id='word_1_177' title='bbox 806 2343 978 2428; x_wconf 81' lang='lat' dir='ltr'><strong>epistolem</strong></span> <span class='ocrx_word' id='word_1_178' title='bbox 1010 2343 1050 2407; x_wconf 84' lang='lat' dir='ltr'><strong>ed</strong></span> <span class='ocrx_word' id='word_1_179' title='bbox 1080 2359 1138 2403; x_wconf 45' lang='lat' dir='ltr'><strong>me¹</strong></span> 
     </span>
     <span class='ocr_line' id='line_1_26' title="bbox 181 2397 1138 2518; baseline 0.005 -31"><span class='ocrx_word' id='word_1_180' title='bbox 181 2425 271 2489; x_wconf 85' lang='lat' dir='ltr'><strong>misit</strong></span> <span class='ocrx_word' id='word_1_181' title='bbox 283 2429 504 2494; x_wconf 85' lang='lat' dir='ltr'><strong>amantissime</strong></span> <span class='ocrx_word' id='word_1_182' title='bbox 518 2431 680 2515; x_wconf 87' lang='lat' dir='ltr'><strong>scriptam,</strong></span> <span class='ocrx_word' id='word_1_183' title='bbox 704 2453 766 2515; x_wconf 83' lang='lat' dir='ltr'><strong>qua</strong></span> <span class='ocrx_word' id='word_1_184' title='bbox 779 2431 820 2496; x_wconf 90' lang='lat' dir='ltr'><strong>ad</strong></span> <span class='ocrx_word' id='word_1_185' title='bbox 835 2431 1032 2514; x_wconf 90' lang='lat' dir='ltr'><strong>stipendium</strong></span> <span class='ocrx_word' id='word_1_186' title='bbox 1045 2429 1117 2514; x_wconf 86' lang='lat' dir='ltr'><strong>quiu-</strong></span> <span class='ocrx_word' id='word_1_187' title='bbox 1134 2397 1138 2518; x_wconf 70' lang='lat' dir='ltr'><strong>l</strong></span> 
     </span>
     <span class='ocr_line' id='line_1_27' title="bbox 182 2517 1118 2605; baseline 0.002 -28"><span class='ocrx_word' id='word_1_188' title='bbox 182 2518 352 2597; x_wconf 83' lang='lat' dir='ltr'><strong>gentorum</strong></span> <span class='ocrx_word' id='word_1_189' title='bbox 382 2539 553 2584; x_wconf 90' lang='lat' dir='ltr'><strong>numorum</strong></span> <span class='ocrx_word' id='word_1_190' title='bbox 583 2541 765 2603; x_wconf 81' lang='lat' dir='ltr'><strong>aureorum,</strong></span> <span class='ocrx_word' id='word_1_191' title='bbox 802 2520 888 2604; x_wconf 93' lang='lat' dir='ltr'><strong>quod</strong></span> <span class='ocrx_word' id='word_1_192' title='bbox 916 2520 984 2584; x_wconf 87' lang='lat' dir='ltr'><strong>iam</strong></span> <span class='ocrx_word' id='word_1_193' title='bbox 1012 2517 1118 2605; x_wconf 84' lang='lat' dir='ltr'><strong>pridem</strong></span> 
     </span>
     <span class='ocr_line' id='line_1_28' title="bbox 181 2603 1117 2692; baseline 0.003 -26"><span class='ocrx_word' id='word_1_194' title='bbox 181 2603 361 2690; x_wconf 86' lang='lat' dir='ltr'><strong>capiebam,</strong></span> <span class='ocrx_word' id='word_1_195' title='bbox 389 2606 591 2692; x_wconf 84' lang='lat' dir='ltr'><strong>significabat</strong></span> <span class='ocrx_word' id='word_1_196' title='bbox 619 2629 652 2671; x_wconf 87' lang='lat' dir='ltr'><strong>se</strong></span> <span class='ocrx_word' id='word_1_197' title='bbox 680 2609 833 2673; x_wconf 89' lang='lat' dir='ltr'><strong>ducentos</strong></span> <span class='ocrx_word' id='word_1_198' title='bbox 860 2611 1028 2692; x_wconf 87' lang='lat' dir='ltr'><strong>praeterea</strong></span> <span class='ocrx_word' id='word_1_199' title='bbox 1049 2605 1117 2672; x_wconf 86' lang='lat' dir='ltr'><strong>addi·</strong></span> 
     </span>
     <span class='ocr_line' id='line_1_29' title="bbox 180 2690 1119 2781; baseline 0.001 -26"><span class='ocrx_word' id='word_1_200' title='bbox 180 2690 275 2757; x_wconf 80' lang='lat' dir='ltr'><strong>disse.</strong></span> <span class='ocrx_word' id='word_1_201' title='bbox 310 2693 434 2760; x_wconf 82' lang='lat' dir='ltr'><strong>Eodem</strong></span> <span class='ocrx_word' id='word_1_202' title='bbox 456 2699 600 2781; x_wconf 86' lang='lat' dir='ltr'><strong>tempore</strong></span> <span class='ocrx_word' id='word_1_203' title='bbox 614 2695 797 2762; x_wconf 86' lang='lat' dir='ltr'><strong>Matthaeus</strong></span> <span class='ocrx_word' id='word_1_204' title='bbox 820 2694 1033 2778; x_wconf 75' lang='lat' dir='ltr'><strong>(lentarellus</strong></span> <span class='ocrx_word' id='word_1_205' title='bbox 1051 2695 1119 2760; x_wconf 88' lang='lat' dir='ltr'><strong>Pon·</strong></span> 
     </span>
     <span class='ocr_line' id='line_1_30' title="bbox 181 2780 1118 2870; baseline 0 -26"><span class='ocrx_word' id='word_1_206' title='bbox 181 2780 277 2846; x_wconf 89' lang='lat' dir='ltr'><strong>tificis</strong></span> <span class='ocrx_word' id='word_1_207' title='bbox 305 2780 473 2867; x_wconf 86' lang='lat' dir='ltr'><strong>Datarius,</strong></span> <span class='ocrx_word' id='word_1_208' title='bbox 504 2785 554 2848; x_wconf 82' lang='lat' dir='ltr'><strong>vir</strong></span> <span class='ocrx_word' id='word_1_209' title='bbox 580 2788 614 2849; x_wconf 92' lang='lat' dir='ltr'><strong>et</strong></span> <span class='ocrx_word' id='word_1_210' title='bbox 639 2786 756 2850; x_wconf 86' lang='lat' dir='ltr'><strong>eximia</strong></span> <span class='ocrx_word' id='word_1_211' title='bbox 783 2786 923 2870; x_wconf 85' lang='lat' dir='ltr'><strong>quadam</strong></span> <span class='ocrx_word' id='word_1_212' title='bbox 950 2785 1118 2870; x_wconf 82' lang='lat' dir='ltr'><strong>integritate</strong></span> 
     </span>
     <span class='ocr_line' id='line_1_31' title="bbox 181 2869 1103 2958; baseline 0.001 -25"><span class='ocrx_word' id='word_1_213' title='bbox 181 2869 266 2934; x_wconf 71' lang='lat' dir='ltr'><strong>vitae</strong></span> <span class='ocrx_word' id='word_1_214' title='bbox 294 2875 327 2936; x_wconf 92' lang='lat' dir='ltr'><strong>et</strong></span> <span class='ocrx_word' id='word_1_215' title='bbox 359 2873 514 2958; x_wconf 76' lang='lat' dir='ltr'><strong>singulari</strong></span> <span class='ocrx_word' id='word_1_216' title='bbox 540 2871 759 2939; x_wconf 84' lang='lat' dir='ltr'><strong>Romanarum</strong></span> <span class='ocrx_word' id='word_1_217' title='bbox 785 2894 892 2939; x_wconf 91' lang='lat' dir='ltr'><strong>rerum</strong></span> <span class='ocrx_word' id='word_1_218' title='bbox 923 2870 1103 2958; x_wconf 85' lang='lat' dir='ltr'><strong>intelligenti</strong></span> 
     </span>
    </p>

    <p class='ocr_par' dir='ltr' id='par_1_3' title="bbox 181 2958 1103 3134">
     <span class='ocr_line' id='line_1_32' title="bbox 181 2958 1103 3134; baseline 0.003 -23"><span class='ocrx_word' id='word_1_219' title='bbox 181 2958 1103 3134; x_wconf 45' lang='lat' dir='ltr'><strong>trssrssrrrlafflrssrll02⁰wlltt⁸333?tter?</strong></span> 
     </span>
    </p>

    <p class='ocr_par' dir='ltr' id='par_1_4' title="bbox 258 3100 864 3134">
     <span class='ocr_line' id='line_1_33' title="bbox 258 3100 864 3134; baseline 0.005 -3"><span class='ocrx_word' id='word_1_220' title='bbox 258 3100 266 3131; x_wconf 76' lang='grc'><strong><em>7</em></strong></span> <span class='ocrx_word' id='word_1_221' title='bbox 855 3101 864 3134; x_wconf 77' lang='lat'><em>7</em></span> 
     </span>
    </p>

    <p class='ocr_par' dir='ltr' id='par_1_5' title="bbox 181 3137 1107 3225">
     <span class='ocr_line' id='line_1_34' title="bbox 181 3137 1107 3225; baseline 0.001 -26"><span class='ocrx_word' id='word_1_222' title='bbox 181 3137 321 3219; x_wconf 91' lang='lat' dir='ltr'><strong>primum</strong></span> <span class='ocrx_word' id='word_1_223' title='bbox 350 3140 538 3204; x_wconf 88' lang='lat' dir='ltr'><strong>attribueret</strong></span> <span class='ocrx_word' id='word_1_224' title='bbox 569 3144 602 3204; x_wconf 89' lang='lat' dir='ltr'><strong>ct</strong></span> <span class='ocrx_word' id='word_1_225' title='bbox 631 3140 812 3225; x_wconf 76' lang='lat' dir='ltr'><strong>assignaret</strong></span> <span class='ocrx_word' id='word_1_226' title='bbox 843 3161 985 3204; x_wconf 84' lang='lat' dir='ltr'><strong>annuum</strong></span> <span class='ocrx_word' id='word_1_227' title='bbox 1014 3142 1107 3204; x_wconf 88' lang='lat' dir='ltr'><strong>trecen</strong></span> 
     </span>
    </p>

    <p class='ocr_par' dir='ltr' id='par_1_6' title="bbox 179 3227 1101 3314">
     <span class='ocr_line' id='line_1_35' title="bbox 179 3227 1101 3314; baseline 0.001 -27"><span class='ocrx_word' id='word_1_228' title='bbox 179 3227 289 3288; x_wconf 91' lang='lat' dir='ltr'><strong>torum</strong></span> <span class='ocrx_word' id='word_1_229' title='bbox 315 3247 485 3292; x_wconf 88' lang='lat' dir='ltr'><strong>aureorum</strong></span> <span class='ocrx_word' id='word_1_230' title='bbox 508 3249 681 3294; x_wconf 90' lang='lat' dir='ltr'><strong>numorum</strong></span> <span class='ocrx_word' id='word_1_231' title='bbox 703 3229 906 3312; x_wconf 75' lang='lat' dir='ltr'><strong>pensionem.¹</strong></span> <span class='ocrx_word' id='word_1_232' title='bbox 945 3229 1054 3314; x_wconf 89' lang='lat' dir='ltr'><strong>Itaque</strong></span> <span class='ocrx_word' id='word_1_233' title='bbox 1074 3245 1101 3288; x_wconf 87' lang='lat' dir='ltr'><strong>re</strong></span> 
     </span>
    </p>

    <p class='ocr_par' dir='ltr' id='par_1_7' title="bbox 182 3312 1102 3396">
     <span class='ocr_line' id='line_1_36' title="bbox 182 3312 1102 3396; baseline 0.002 -21"><span class='ocrx_word' id='word_1_234' title='bbox 182 3317 250 3376; x_wconf 91' lang='lat' dir='ltr'><strong>tam</strong></span> <span class='ocrx_word' id='word_1_235' title='bbox 272 3312 468 3396; x_wconf 82' lang='lat' dir='ltr'><strong>longinquus</strong></span> <span class='ocrx_word' id='word_1_236' title='bbox 492 3317 596 3380; x_wconf 88' lang='lat' dir='ltr'><strong>effecit</strong></span> <span class='ocrx_word' id='word_1_237' title='bbox 617 3317 803 3381; x_wconf 91' lang='lat' dir='ltr'><strong>testimonio</strong></span> <span class='ocrx_word' id='word_1_238' title='bbox 827 3321 860 3382; x_wconf 90' lang='lat' dir='ltr'><strong>et</strong></span> <span class='ocrx_word' id='word_1_239' title='bbox 884 3317 1001 3382; x_wconf 89' lang='lat' dir='ltr'><strong>iudicio</strong></span> <span class='ocrx_word' id='word_1_240' title='bbox 1022 3315 1057 3380; x_wconf 93' lang='lat' dir='ltr'><strong>de</strong></span> <span class='ocrx_word' id='word_1_241' title='bbox 1076 3335 1102 3377; x_wconf 89' lang='lat' dir='ltr'><strong>m</strong></span> 
     </span>
    </p>

    <p class='ocr_par' dir='ltr' id='par_1_8' title="bbox 181 3401 1103 3483">
     <span class='ocr_line' id='line_1_37' title="bbox 181 3401 1103 3483; baseline 0 -19"><span class='ocrx_word' id='word_1_242' title='bbox 181 3423 249 3483; x_wconf 86' lang='lat' dir='ltr'><strong>suo,</strong></span> <span class='ocrx_word' id='word_1_243' title='bbox 272 3403 309 3464; x_wconf 90' lang='lat' dir='ltr'><strong>ut</strong></span> <span class='ocrx_word' id='word_1_244' title='bbox 332 3401 527 3466; x_wconf 83' lang='lat' dir='ltr'><strong>sanctissimi</strong></span> <span class='ocrx_word' id='word_1_245' title='bbox 545 3403 711 3470; x_wconf 90' lang='lat' dir='ltr'><strong>Pontifieis</strong></span> <span class='ocrx_word' id='word_1_246' title='bbox 734 3407 927 3472; x_wconf 88' lang='lat' dir='ltr'><strong>liberalitate</strong></span> <span class='ocrx_word' id='word_1_247' title='bbox 951 3406 992 3470; x_wconf 89' lang='lat' dir='ltr'><strong>ad</strong></span> <span class='ocrx_word' id='word_1_248' title='bbox 1013 3407 1103 3470; x_wconf 83' lang='lat' dir='ltr'><strong>vetere</strong></span> 
     </span>
    </p>

    <p class='ocr_par' dir='ltr' id='par_1_9' title="bbox 182 3488 1107 3581">
     <span class='ocr_line' id='line_1_38' title="bbox 182 3488 1107 3581; baseline 0.004 -31"><span class='ocrx_word' id='word_1_249' title='bbox 182 3488 363 3554; x_wconf 79' lang='lat' dir='ltr'><strong>fortunulas</strong></span> <span class='ocrx_word' id='word_1_250' title='bbox 390 3509 478 3554; x_wconf 88' lang='lat' dir='ltr'><strong>meas</strong></span> <span class='ocrx_word' id='word_1_251' title='bbox 506 3493 699 3558; x_wconf 77' lang='lat' dir='ltr'><strong>accesserint</strong></span> <span class='ocrx_word' id='word_1_252' title='bbox 726 3496 826 3561; x_wconf 79' lang='lat' dir='ltr'><strong>annui</strong></span> <span class='ocrx_word' id='word_1_253' title='bbox 855 3494 1021 3581; x_wconf 80' lang='lat' dir='ltr'><strong>quingenti</strong></span> <span class='ocrx_word' id='word_1_254' title='bbox 1044 3510 1107 3557; x_wconf 85' lang='lat' dir='ltr'><strong>sure</strong></span> 
     </span>
    </p>
   </div>
   <div class='ocr_carea' id='block_1_3' title="bbox 0 0 1171 3956">
    <p class='ocr_par' dir='ltr' id='par_1_10' title="bbox 0 0 1171 3956">
     <span class='ocr_line' id='line_1_39' title="bbox 0 0 1171 3956; baseline 0 0"><span class='ocrx_word' id='word_1_255' title='bbox 0 0 1171 3956; x_wconf 95' lang='lat' dir='ltr'><strong> </strong></span> 
     </span>
    </p>
   </div>
  </div>
 </body>
</html>
