2326 3942
191 221 230 284 16
533 218 714 274 EPISTOLA
733 220 806 274 XIII.

188 365 250 430 tibi
271 365 395 449 petenti
417 385 541 449 negem.
578 363 641 428 Sed
663 368 772 430 tamen
795 365 861 429 iam
883 365 1004 449 pridem
1024 388 1116 430 convc-

187 458 280 520 uerat
301 455 386 518 inter
407 474 477 536 noe,
499 452 633 538 nequid
654 456 726 518 tua
748 473 799 517 me
821 457 955 540 peterse,
976 454 1037 518 nisi
1050 457 1118 538 quod

187 545 270 607 vires
301 543 436 624 ferrent3
470 541 546 628 quid
576 546 685 606 autem
716 541 790 605 illac
823 543 941 625 ferant,
971 563 1029 628 ego
1053 565 1119 606 unus

188 632 332 698 omnium
347 631 467 714 optime
490 630 575 694 novi.
612 629 696 712 Misi,
720 631 775 714 qui
790 629 1016 696 Columbinum
1037 653 1119 696 accer-

189 724 280 784 seret.
316 719 350 784 Is
374 741 408 784 se
431 741 500 784 cras
524 719 584 784 sub
612 720 716 783 lucem
740 719 854 784 adme
882 725 1047 784 venturum
1068 742 1121 783 esse

189 810 276 872 dixit.
308 807 416 893 Agam
438 829 511 872 cum
533 829 572 872 eo
586 808 625 872 de
639 830 673 872 re
695 812 753 873 tua
776 809 1013 874 accuratissime
1034 813 1064 872 et
1082 829 1121 891 pe·

189 899 301 962 cuniae
317 901 473 981 quantum
487 919 568 981 opus
582 897 651 977 erIt,
674 899 859 962 numerabo.
888 895 920 963 Si
936 898 1004 963 fieri
1026 903 1123 980 posset,

189 991 226 1052 ut
249 1007 305 1050 sex
328 990 384 1050 aut
407 990 530 1069 septem
544 985 664 1049 Tibulli
687 986 776 1070 regia
799 986 912 1052 charta
930 987 1122 1052 describeren-

189 1080 255 1158 tur,
288 1078 373 1138 esset
404 1074 482 1138 mihi
517 1095 718 1158 summopere
751 1079 887 1158 gratum.
937 1074 1009 1140 Hac
1039 1075 1073 1139 de
1099 1097 1123 1137 re

190 1164 257 1245 ipse
282 1166 413 1226 statuas.
445 1161 527 1227 Vale
550 1166 584 1228 et
605 1184 657 1227 me
681 1184 762 1226 ama.
794 1162 899 1229 Postr.
922 1163 968 1228 Id.
993 1164 1059 1228 Iun.
1079 1163 1124 1226 Pa·

188 1252 284 1316 tauio.
306 1268 451 1316 uuuvur.

587 1396 746 1406 —·-——a-

623 1535 713 1600 Xlll.

467 1694 471 1700 .
509 1656 626 1710 EIDEM
650 1657 828 1714 MANUTIO.

257 1783 498 1864 AdolesceuteS‚
527 1786 581 1870 qui
610 1785 651 1849 ad
676 1789 709 1848 te
736 1785 796 1850 has
824 1786 948 1850 litteras
975 1785 1128 1870 perferent.

192 1872 220 1936 si
242 1893 344 1958 genus
366 1873 511 1957 requiris,
533 1873 734 1939 nobilissimo
758 1895 795 1938 ao
818 1875 1074 1958 splendidissimo
1093 1875 1128 1936 in-

192 1963 241 2026 ter
269 1985 343 2028 suos
372 1963 434 2026 orti
463 1966 538 2026 sunt
568 1963 653 2044 loco;
687 1963 715 2026 si
742 1962 828 2027 bona
855 1964 954 2028 animi
982 1971 1017 2028 et
1043 1964 1129 2028 studia

191 2051 423 2116 laudandarum
446 2051 564 2114 artium
578 2055 713 2134 spectas,
736 2052 952 2117 coniecturam
971 2053 1073 2118 faeere
1094 2052 1129 2114 vel

192 2161 231 2202 ex
254 2161 292 2204 eo
315 2144 420 2224 potes,
444 2138 542 2224 quod,
570 2160 642 2204 cum
663 2139 743 2223 ipsis
767 2140 854 2206 domi
881 2141 915 2205 in
939 2142 1071 2207 summis
1091 2141 1130 2203 de·

192 2228 273 2290 liciis
297 2229 386 2290 etin
409 2228 669 2292 maximarerum
688 2229 833 2294 omnium
855 2230 1023 2295 affluentia
1045 2231 1151 2314 vivere

192 2316 314 2397 liceret,
341 2316 533 2400 longinquas
565 2317 840 2401 peregrinationes
873 2319 1035 2403 suscipere
1065 2339 1130 2382 sese·

194 2425 254 2488 que
278 2405 442 2470 excolendi
465 2405 588 2490 ingenii
611 2427 724 2470 caussa
746 2405 882 2471 infinItis
905 2407 1131 2473 difficultatibus

193 2493 329 2556 obiicere
352 2494 542 2558 maluerunt.
587 2493 711 2559 licum
738 2495 915 2560 iudicarent
937 2496 1037 2580 idem,
1063 2493 1132 2580 quod

193 2603 317 2663 omnes,
341 2583 396 2667 qui
417 2586 502 2647 recte
526 2583 683 2666 sentiunt,
705 2583 861 2666 iudicant,
884 2584 1008 2670 ingenii
1031 2588 1063 2648 et
1083 2585 1132 2646 elo·

193 2670 343 2755 quentiae
366 2672 468 2756 gloria
490 2671 620 2736 Italiam
643 2673 756 2738 ceteris
777 2673 975 2758 nationibus,
998 2675 1033 2738 in
1054 2671 1132 2736 Italia

193 2763 301 2824 autem
322 2760 419 2844 longe
441 2782 541 2824 unum
565 2761 678 2824 ceteris
702 2761 852 2827 omnibus
875 2761 1012 2826 Paulum
1033 2761 1132 2826 Manu·

192 2849 274 2914 tium
306 2849 509 2913 antecellere:
541 2870 645 2932 neque
674 2870 708 2914 se
741 2849 847 2914 studio
875 2873 933 2915 suo
966 2850 1132 2916 satisfacere

192 2959 287 3021 posse
310 2937 457 3002 arbitrati
480 2940 564 3020 sunt,
586 2937 651 3001 nisi
672 2938 708 3002 in
721 2937 850 3002 Italiam
868 2939 1022 3023 venirent,
1045 2957 1133 3020 neque

194 3048 266 3090 eum
294 3027 329 3091 in
356 3026 485 3092 Italiam
511 3026 688 3110 venissent,
715 3027 779 3092 nisi
805 3027 898 3092 Pauli
925 3027 1062 3092 Manutii
1091 3025 1133 3088 ed·

195 3119 306 3196 spectu
333 3119 366 3179 et
388 3115 599 3182 collocutione
626 3115 817 3181 fruerentur.
862 3115 955 3192 Quod
981 3121 1085 3180 autem
1105 3113 1134 3174 de

195 3203 323 3285 scriptis
345 3205 511 3290 utriusque
533 3207 682 3270 nostrum
704 3205 936 3288 intellexerant,
959 3208 1077 3290 quanta
1096 3202 1134 3264 iu·

194 3292 325 3354 ternos
347 3291 550 3358 voluntatum
577 3315 614 3358 ac
637 3293 816 3358 studiorum
843 3294 1023 3358 coniunctio
1050 3295 1134 3356 esset:

196 3380 386 3462 statuerunt,
410 3402 443 3444 se
457 3381 498 3463 id,
522 3382 608 3465 quod
630 3386 792 3466 cuperent,
814 3383 903 3446 nullo
918 3382 1013 3447 modo
1034 3380 1134 3446 melius

195 3491 292 3552 quam
319 3487 377 3550 per
399 3490 449 3532 me
477 3470 630 3554 consequi
657 3492 765 3554 posse,
793 3491 980 3556 mecumque
1006 3471 1134 3555 egerunt,

195 3560 232 3618 ut
255 3577 309 3620 eos
332 3555 393 3619 tibi
417 3578 513 3641 quam
536 3557 780 3640 diligentissime
804 3560 1064 3624 commendarem.
1093 3556 1134 3619 lta

497 3853 530 3914 118
