2368 3956
385 197 505 254 CAPUT
522 197 650 254 XXVIII.
932 198 995 264 155

51 342 185 408 Eiusdem
206 342 356 408 stultitiae
377 342 509 426 imperio
530 344 686 410 soluturis
707 342 906 410 Athenienses
927 364 994 410 sen·

50 435 149 497 serum.
188 430 262 517 Ego
285 435 392 497 eutem
414 452 482 497 non
504 431 629 516 dubito,
658 432 737 518 quin
763 453 826 498 vor
847 431 996 498 stultitiae

50 519 247 603 eposteriori
274 521 345 585 loeo
373 520 508 585 delenda
535 520 586 585 sit.
631 518 776 586 Cimonis
799 521 901 604 enim,
927 543 995 586 non

51 609 201 693 stultitiae,
216 607 294 674 dicit
306 608 441 694 imperia
452 607 705 675 Atheniensibus
720 610 873 675 saluteris
885 609 994 676 fuisse.

355 801 498 872 CAPUT
520 803 674 870 XXVIII.

49 924 477 994 PROVERBIUMQUODDAM,
492 925 564 991 QUO
579 923 710 980 CICERO
720 923 768 980 DE
780 923 994 981 SENEGTUTE

134 1013 226 1070 USUS
244 1013 328 1083 EST,
346 1013 397 1069 EX
413 1013 587 1070 EURIPIDI}
607 1013 785 1070 SUMPTUM
802 1013 899 1070 ESSE.

103 1121 301 1208 Principium
323 1123 399 1188 libri
421 1123 459 1188 de
483 1121 652 1188 Senectute
676 1145 693 1188 e
722 1123 826 1208 primo
849 1121 995 1188 Platonis

50 1212 223 1276 Πολιτειῶν
245 1233 344 1296 prope
368 1211 563 1277 adverbum
587 1233 777 1278 conversum
799 1233 879 1296 esse,
900 1233 995 1276 nemo

49 1301 169 1384 paulum
196 1301 292 1367 modo
318 1301 492 1366 humanior
514 1301 628 1368 nescit.
604 1299 740 1368 used
768 1301 854 1386 quod
881 1300 928 1366 ibi
950 1300 995 1365 di·

50 1393 162 1454 centem
185 1390 265 1454 facit
287 1387 469 1474 Scipionem
491 1389 530 1455 de
554 1389 746 1476 quibusdem
765 1389 904 1472 senibus,
927 1388 995 1474 qui·

50 1479 99 1543 bus
129 1481 177 1544 ite
209 1479 320 1544 odiose
346 1481 493 1544 senectus
521 1482 619 1564 esset,
650 1482 688 1544 ut
718 1500 800 1545 onus
828 1499 861 1542 se
888 1475 996 1542 Aetna

51 1569 166 1651 gravius
196 1555 338 1632 dicerent
323 1570 414 1633 teus
416 1564 566 1654 tinere¹):
593 1567 627 1634 id
650 1566 734 1632 unde
758 1569 921 1652 sumptum
945 1566 995 1651 sie,

50 1659 212 1741 enemine,
236 1656 321 1742 quod
344 1657 455 1741 seiam,
477 1654 640 1759 proditum
654 1659 711 1721 est.
689 1655 895 1720 tEruditus
919 1676 996 1722 esne

51 1744 117 1834 rir²)
139 1768 178 1812 ae
201 1746 320 1810 multae
343 1745 504 1834 lectionis,
532 1745 588 1831 qui
609 1748 660 1810 tot
681 1745 782 1810 millia
808 1743 996 1830 παροιμιῶν

51 1855 137 1900 unum
158 1835 195 1900 in
219 1855 334 1920 corpus
358 1831 507 1919 eontulit,
529 1834 591 1900 hoo
604 1855 672 1900 non
693 1834 781 1899 vidit.
813 1832 944 1898 essesut
945 1841 997 1898 em

52 1924 259 2009 ονΕννὶμίἀε,
282 1922 367 2007 apud
381 1945 476 2009 quem
486 1885 643 2015 beselel
662 1920 852 2008 μαινομένῳ
872 1920 996 2006 chorus,

52 2013 131 2094 quie
156 2013 288 2079 senibus
311 2015 452 2096 constat,
478 2008 678 2077 iuventutem
705 2011 834 2096 quidem
857 2010 997 2075 celebret

52 2121 80 2163 ee
98 2102 275 2185 praedicet:
248 2101 416 2166 tmalem
434 2122 519 2182 vero,
541 2104 578 2164 ut
600 2104 722 2166 veteres
740 2095 996 2184 loquebentm³)‚

52 2193 178 2256 aetatem
200 2189 290 2254 miris
304 2189 408 2256 modis
423 2189 516 2274 exegi
516 2191 579 2274 t,st
602 2189 693 2274 eique
707 2189 789 2254 mult
790 2209 809 2251 e
775 2187 909 2252 tmsle
925 2207 995 2272 pre-

52 2281 91 2343 est
93 2302 135 2344 ur.
182 2277 341 2344 Intert
291 2281 341 2343 oet
342 2299 396 2343 era
410 2281 518 2342 eutem
532 2299 604 2342 eam
617 2277 695 2342 dicit
680 2281 789 2343 tonus
806 2295 876 2342 osse
889 2273 997 2340 Aetna

51 2369 177 2452 gravius,
213 2389 256 2434 uo
269 2371 424 2454 perpetuo
438 2369 602 2450 prematur
615 2387 729 2432 senum
742 2368 847 2449 eaput.
874 2363 996 2431 Versus

51 2453 77 2517 hi
104 2391 227 2544 suntg,
259 2456 315 2542 qui
344 2459 456 2520 tamen
486 2455 583 2541 vulgo
616 2455 710 2520 eliber
740 2455 853 2540 legunt
853 2475 905 2539 ur;
941 2453 997 2518 sed

51 2563 99 2628 ego
120 2545 168 2611 ils
191 2545 344 2630 legendos
366 2547 460 2628 putot

251 2645 273 2716 ἁ
295 2647 412 2726 νεότας
433 2673 491 2734 μοι
500 2653 626 2758 φίλον,

249 2734 287 2805 τὸ
312 2735 350 2805 δὲ
372 2739 476 2823 γῆρας
498 2733 604 2822 ἄχθος
625 2733 690 2802 αἰεὶ

251 2824 438 2914 βαρύτερον
461 2832 587 2922 Αἴτνας
609 2823 781 2892 σκοπέλων

250 2913 303 2982 ἐπὶ
325 2913 421 3002 κρατὶ
442 2919 556 2980 κεῖται.

51 3015 102 3086 Sed
122 3025 156 3088 et
179 3021 264 3107 apud
277 3021 373 3087 Plaut
358 3019 461 3108 tum⁵)
483 3043 551 3086 non
573 3043 645 3086 raro
659 3021 706 3085 its
720 3040 812 3085 senes
836 3018 875 3084 de
893 3020 996 3084 aetate

52 3129 98 3173 sua
110 3115 147 3175 ut
165 3111 204 3176 de
219 3131 310 3197 grem
301 3110 431 3196 aliquo
451 3131 489 3175 eo
506 3110 688 3195 ponderoso
703 3129 799 3176 onere
813 3108 997 3194 loquuntur.

111 3267 131 3405 {3
148 3273 310 3394 beguinis
328 3337 470 3394 Erasmus.

111 3408 130 3510 ζ)
148 3409 246 3536 Pla&
259 3408 432 3536 Igsneeehm.
452 3409 485 3463 V.
504 3415 529 3464 2.
544 3414 570 3464 6.

113 3483 132 3620 ⁵3
149 3498 186 3606 ll.
203 3523 319 3608 Mersit.
337 3551 386 3608 IV.
406 3558 429 3605 1.
450 3557 474 3606 5.
