2326 3942
488 1067 516 1141 I.

239 1197 765 1300 nouuoumsuunnuus

147 1355 494 1442 nnnuaunuuo
531 1390 846 1443 naunnnauo

263 1532 410 1580 sunum
424 1533 450 1572 F.
464 1531 607 1574 PA'umcIo
620 1533 744 1574 vnumuo

317 1665 319 1672 ’
353 1693 356 1698 -
430 1673 452 1708 s.
471 1673 495 1712 a.
513 1654 568 1722 n.*)

87 1796 328 1864 Praestantium
354 1803 536 1883 peditarum,
563 1798 760 1864 Bemardine
787 1799 982 1885 Lauredane‚

10 1909 12 1920 ·
39 1885 203 1953 adolescens
230 1888 418 1972 clarissime,
445 1885 549 1973 neque
577 1909 695 1974 magna
724 1911 867 1974 unquam
890 1890 983 1972 copia

39 1979 62 2037 at
79 1998 200 2062 semper
224 1997 345 2062 magna
367 1978 437 2041 laus
459 1977 529 2040 ituit.
571 1975 673 2061 Copia
694 1999 736 2040 ne
758 1978 868 2060 fuerit,
891 1977 924 2041 id
947 1978 982 2041 in

11 2091 12 2128 a
40 2083 130 2130 caussa
156 2070 222 2150 est,
252 2066 338 2152 quod
364 2067 399 2130 in
426 2065 540 2144 ceteris
566 2065 774 2130 facultatibus
801 2087 897 2130 nemo
924 2070 983 2149 est,

11 2163 12 2188 l
40 2151 173 2220 duntaxat
186 2177 302 2220 eorum
319 2155 374 2240 qui
395 2146 504 2218 he'oeti
518 2155 646 2238 penitus
669 2155 800 2238 ingenio
814 2177 882 2218 non
897 2158 982 2238 sunt,

40 2242 79 2322 qui
104 2265 182 2329 non,
216 2244 364 2308 adhibito
396 2244 519 2326 labore,
552 2244 579 2307 si
612 2244 718 2307 minus
751 2245 916 2327 excellere,
948 2245 983 2308 at

40 2333 103 2395 certe
123 2334 164 2398 ad
187 2333 445 2398 mediocritatem
468 2329 609 2416 aliquam
636 2331 801 2416 pervenire
825 2355 859 2397 se
886 2353 982 2415 posse

40 2421 167 2486 confidat:
201 2423 240 2486 in
271 2421 345 2506 hac,
376 2421 441 2485 nisi
461 2417 508 2485 'ab
540 2421 594 2504 iis,
627 2443 707 2505 quos
739 2422 810 2505 ipsa
842 2421 980 2506 quodam

39 2509 112 2574 nodo
140 2514 263 2575 natura
293 2511 334 2574 ad
366 2531 436 2574 eam
467 2510 608 2592 finxerit,
645 2509 769 2593 labore,
806 2509 982 2594 diligentia,

39 2595 132 2679 uigiliis
155 2599 244 2664 effici
265 2599 347 2662 nihil
369 2601 486 2684 potest.
518 2597 568 2663 Ea
590 2599 661 2682 ipsa
683 2619 734 2662 res
756 2599 791 2663 in
813 2598 981 2663 hominum

40 2685 131 2752 animia
145 2688 396 2752 admirationem
409 2687 535 2772 peperit
548 2691 729 2771 poetarum,
750 2686 981 2771 obstupefactis

40 2773 162 2842 uidelicet
184 2777 374 2842 hominibus
380 2827 388 2859 ,
412 2799 485 2840 cum
499 2776 657 2859 viderent,
680 2776 760 2840 alios
776 2779 890 2858 sponte
905 2795 982 2859 qua·

40 2859 94 2926 dan
118 2870 149 2930 et
181 2865 399 2951 propensione
430 2869 578 2949 naturae,
611 2865 680 2928 sine
710 2865 775 2928 ullo
808 2864 916 2928 labore
945 2884 983 2928 ea

40 2949 162 3039 fundere,
190 2976 275 3040 quae
302 2975 375 3018 oum
403 2953 553 3018 omnibus
576 2953 779 3039 eloquentiae
806 2951 982 3016 luminibus

40 3035 171 3129 interlita,
198 3047 272 3109 tum
299 3065 411 3127 sparsa
433 3043 641 3107 multifariam
665 3040 853 3105 eruditionis
876 3039 984 3104 variae

40 3130 118 3216 uotis,
140 3127 212 3198 iron
239 3135 369 3196 tantum
396 3132 482 3196 dulci
510 3153 590 3196 sono
618 3132 766 3196 tenerent
792 3149 898 3213 aures,
927 3129 983 3193 sod

42 3216 117 3284 etiam
145 3221 235 3287 omni
268 3241 384 3306 genere
415 3220 587 3284 affectuum
619 3219 751 3283 intimos
784 3218 983 3282 audientium

43 3323 133 3374 seusus
155 3309 433 3396 cogitationesque
456 3312 633 3391 tentarent3
663 3308 745 3372 alios
760 3311 872 3372 contra
893 3308 983 3392 inge-

42 3410 156 3463 nuarum
169 3399 288 3464 artium
303 3399 436 3464 seientia
458 3398 649 3481 perpolitos‚
671 3397 762 3462 nulla
783 3401 893 3460 tamen
914 3396 984 3460 dili-

83 3590 105 3656 *l
121 3590 278 3648 Praemisso
296 3593 339 3648 est
357 3589 479 3662 epistola
497 3589 698 3644 commentario
716 3588 747 3642 in
766 3586 915 3642 Catullum.
