2326 3942
320 221 499 280 EPISTOLA
517 225 616 282 XXIV.
902 229 943 294 37

15 365 184 449 inspectores
199 389 297 452 quam
319 391 449 454 possem
461 371 618 455 plurimos
641 391 854 458 corroganem.
882 373 945 439 Ne-

15 475 55 534 que
72 456 146 519 enim
167 456 249 521 mdes?
269 477 381 523 cornea
401 458 483 540 fibra
504 457 589 546 est.¹)
634 458 747 544 Neque
775 461 945 546 quisquam

15 563 143 628 uuquam,
165 545 223 628 qui
249 545 356 612 bonos
378 568 492 613 versus
516 550 573 612 aut
598 547 729 613 fecisset
751 554 808 614 aut
830 549 945 615 iecisse

15 653 37 694 ce
57 635 191 716 putaret,
224 635 368 700 occultos
397 636 471 702 illos
502 636 622 702 habere
648 638 759 704 voluit.
803 637 877 723 Ego
905 639 944 703 de

15 730 54 782 tua
71 721 263 808 valetudine,
291 723 331 788 de
355 724 469 790 studiis
490 725 569 810 tuis,
592 725 668 810 quid
694 726 730 790 in
751 725 815 791 isto
839 747 943 792 amoc

16 807 119 909 sissimo
142 832 271 876 secessu
294 812 395 898 legas,
417 814 494 899 quid
509 815 640 892 scribas,
663 834 856 916 cognoscere
880 815 943 878 dis-

16 897 233 1072 ttt’ui'ds
249 903 945 1076 idstetffln‘ttteitdt

16 1093 40 1136 eo
58 1076 148 1140 amari
162 1077 289 1162 scribis,
311 1099 383 1144 meo
405 1079 537 1144 nomine
561 1079 674 1144 saluta
705 1078 835 1146 Romae.
858 1079 945 1144 Prid.

16 1157 46 1225 Id.
64 1159 163 1229 Sextil.
186 1183 321 1231 nnuxv.

388 1287 545 1302 σπι-..4

411 1431 520 1496 XXIV

179 1556 232 1630 M.
259 1557 504 1632 ANTOMUS
530 1559 754 1634 MURETUS

268 1692 390 1750 PAULO
409 1693 577 1751 SAGRA'I'O
598 1695 667 1752 SUO

440 1803 462 1846 Β.
476 1803 503 1844 D.

64 1903 145 1981 Quod
172 1929 345 1993 nunquam
373 1914 471 1976 antee
498 1915 659 1994 euenerat,
686 1909 834 1995 quodque
863 1929 945 1972 nun-

20 2011 88 2074 quam
108 1999 301 2062 eventurum
315 1999 460 2083 qualibet
482 2000 655 2084 sponsione
676 1999 868 2063 contendere
891 2018 945 2060 au-

21 2101 55 2143 sus
76 2105 188 2170 essem,
217 2085 251 2150 id
278 2085 399 2152 evenit:
427 2092 464 2152 ut
489 2088 617 2152 litterae
642 2091 731 2166 tuae,
758 2107 839 2171 quae
866 2083 947 2148 mihi

21 2173 278 2326 aenpreluihontehac
300 2175 550 2330 iutcissndissffie
568 2177 737 2350 intersum}ul
732 2196 835 2259 nuper
858 2173 946 2326 (Idolo

21 2277 65 2321 ren
146 2285 213 2328 nac
234 2285 326 2328 moes
380 2286 467 2329 ama
531 2285 601 2329 enm
629 2287 680 2330 sun
738 2285 833 2327 arem.
894 2283 947 2324 am

22 2365 71 2411 1111
91 2349 169 2415 illud
196 2352 279 2416 mihi
306 2373 364 2436 per
391 2374 425 2418 se
453 2373 549 2438 grave
577 2359 673 2438 atque
700 2353 850 2416 acerbum
876 2349 948 2434 fuit,

22 2439 43 2494 ct
58 2443 231 2522 aegrotasse
251 2444 295 2525 te,
317 2444 351 2506 et
364 2441 419 2506 diu
442 2463 480 2506 ac
494 2442 635 2527 graviter
657 2445 854 2526 aegrotasse:
877 2443 948 2502 tum

22 2521 195 2614 discredas,
224 2551 321 2614 qnam
349 2551 401 2594 me
423 2531 597 2615 pupugerit
623 2530 680 2593 iila
706 2529 873 2614 cogitatio,
898 2526 947 2590 in-

23 2613 85 2678 terce
103 2619 171 2682 toto
185 2618 244 2682 illo
267 2621 412 2702 tempore
427 2639 567 2683 cessasse
589 2639 639 2682 me
654 2621 687 2682 et
700 2617 839 2700 quodem
852 2616 948 2680 modo

25 2697 131 2769 defuisse
153 2705 272 2785 officio,
293 2727 398 2791 neque
413 2707 587 2791 quidquam
609 2705 868 2790 scripsisseque
890 2703 948 2767 ho·

26 2790 93 2855 niuis
117 2794 306 2859 amicissimi
328 2797 362 2860 et
383 2795 422 2860 de
449 2817 501 2858 me
524 2794 643 2878 optime
666 2793 773 2858 meriti
793 2792 950 2857 leniretur

26 2875 96 2944 dolor.
128 2881 203 2947 Etsi
225 2884 314 2948 enim
336 2905 410 2948 vere
431 2882 493 2948 hac
516 2883 720 2947 excusatione
738 2881 786 2946 uti
808 2901 950 2965 possum,

26 2969 134 3036 nescisse
160 2993 228 3056 mc,
255 2972 317 3036 tibi
342 2973 426 3036 male
454 2993 537 3036 esse:
564 2975 674 3036 11111111
696 2992 735 3035 ca
763 2971 835 3053 ipsa
857 2990 949 3032 excu-

28 3056 85 3120 satio
104 3060 318 3125 excusationis
331 3059 464 3146 indiget,
487 3082 560 3124 cum
577 3059 763 3125 indecorum
786 3057 837 3142 sit,
859 3057 950 3122 ouius

28 3143 50 3206 in
66 3168 107 3212 mc
125 3150 177 3214 tot
202 3152 358 3233 tantaque
381 3149 488 3214 officia
515 3149 691 3234 extiterint,
717 3152 786 3212 tam
809 3146 863 3210 diu
889 3167 950 3234 me,

29 3253 72 3314 qua
91 3237 116 3300 is
136 3236 320 3302 valetudine
347 3240 504 3322 uteretur,
530 3237 689 3303 nesciisse.
733 3235 796 3301 nst
818 3235 950 3301 omnino

29 3317 98 3389 huius
121 3325 166 3390 rei
188 3325 284 3410 culpa
311 3325 417 3410 alique
440 3326 538 3390 etiam
564 3325 600 3403 in
626 3324 849 3390 communibus
872 3326 948 3388 ami-

32 3411 70 3489 cis,
88 3415 136 3498 qui
158 3435 231 3480 cum
254 3434 306 3478 me
328 3416 385 3479 tuo
412 3414 543 3480 nomine
567 3415 765 3498 salutabant,
791 3412 873 3476 nihil
896 3413 950 3477 ad-

82 3572 152 3640 1)(11.
169 3573 243 3629 Pers.
263 3573 321 3628 Sat.
339 3572 360 3641 Ι,
378 3576 422 3628 47.
