2328 3956
353 249 533 308 EPISTOLA
552 252 648 308 LXXI.
934 252 976 315 97

34 391 105 456 blico
123 392 260 459 docendi
279 415 422 480 munere,
444 396 531 482 quod
545 418 648 462 annos
661 398 696 462 in
710 397 771 462 hae
784 398 863 462 urbe
877 419 978 463 unum

34 485 59 544 et
81 481 195 565 viginti
219 483 447 568 sustinueram,
471 489 587 569 sponte
610 507 662 552 me
686 486 845 552 abdicavi:
874 490 906 550 et
927 489 975 550 ta-

33 590 94 632 nen
116 591 154 634 ex
177 591 217 636 eo
237 571 405 656 capiebam
424 575 597 659 quotannis
619 575 841 660 septingentos
863 596 976 641 aureos

32 663 977 835 illalumlfllllslssltlcllllllstill

33 835 97 900 nihi
122 836 258 902 fuerunt
285 838 432 922 capiendi
460 841 530 906 eius
553 841 680 906 consilii
702 841 831 905 multae.
877 839 975 916 Quin-

33 924 174 1008 quaginta
193 929 269 993 octo
291 949 394 993 annos
406 931 505 994 natus
520 951 601 1013 sum,
624 933 657 994 et
671 929 775 994 sentio
789 949 840 994 me
854 929 975 1012 paulla-

33 1013 78 1076 tim
98 1013 224 1080 viribus
249 1015 349 1081 defici.
392 1014 526 1102 Semper
548 1021 656 1082 autem
679 1017 786 1083 audivi
809 1039 829 1081 a
851 1017 974 1100 sapien·

32 1101 103 1166 tibus
125 1102 202 1188 dici,
227 1103 373 1170 desinere
388 1106 489 1171 satius
504 1127 574 1171 esse
588 1127 685 1192 quam
700 1106 840 1172 deficere.
872 1104 976 1170 Multa

33 1190 135 1275 scripta
152 1191 262 1257 habeo
281 1193 401 1277 partim
419 1193 584 1280 inchoata,
606 1195 725 1280 partim
740 1194 838 1260 etiam
852 1194 974 1278 affecta,

33 1301 97 1362 quae
127 1299 259 1346 mecum
293 1282 402 1346 omnia
434 1283 630 1349 intercidant
657 1304 787 1349 necesse
817 1286 880 1368 est,
911 1283 975 1347 nisi

32 1367 96 1432 nihi
117 1369 159 1433 ad
179 1391 222 1434 ea
242 1370 434 1454 expolienda
453 1372 513 1440 otii
531 1372 652 1459 aliquid
666 1393 840 1456 sumpsero.
874 1369 975 1436 Simul

33 1457 160 1542 verebar,
199 1479 242 1524 ne
275 1460 348 1544 quis
383 1453 569 1544 ἀπληστίαν
600 1482 705 1525 meam
740 1462 915 1542 accusaret,
948 1461 976 1523 si

33 1546 102 1628 quod
129 1547 215 1611 satis
243 1569 403 1632 superque
431 1553 481 1615 est
508 1550 549 1613 ad
575 1549 746 1614 tutandam
772 1548 873 1614 vitam
900 1569 975 1614 con·

33 1639 143 1700 secutus
163 1636 273 1700 labori
291 1639 403 1701 tamen
420 1659 489 1703 non
506 1659 680 1723 parcerem,
703 1637 759 1703 sed
778 1637 974 1723 amplifican-

33 1721 78 1786 dae
97 1725 144 1788 rei
167 1745 270 1810 snpra
292 1726 425 1791 modum
443 1727 614 1792 studerem.
645 1726 734 1813 Ergo
754 1730 786 1792 et
799 1727 859 1792 hae
874 1727 975 1810 suspi-

33 1811 107 1876 cione
119 1834 173 1878 me
189 1813 323 1897 exsolvi,
342 1818 375 1880 et
389 1815 490 1882 otium
502 1815 591 1900 mihi,
605 1818 642 1880 ut
656 1837 759 1902 spero,
771 1816 807 1880 in
820 1815 976 1902 reliquam

33 1899 116 1965 vitam
133 1902 333 1986 comparavi.
370 1901 440 1980 Quo
459 1906 570 1970 tamen
588 1904 655 1970 otio
673 1926 741 1970 non
759 1904 800 1968 ad
812 1903 976 1988 ignaviam

34 1988 145 2074 abutar;
170 1990 230 2056 sed
250 2011 377 2076 semper
395 1992 517 2078 aliquid
534 1993 659 2079 moliar,
681 1991 767 2079 quod
781 2013 832 2056 me
846 1991 975 2076 prodes-

35 2099 59 2140 se
77 2080 227 2164 posteris,
251 2079 280 2144 si
302 2080 410 2146 minus
432 2081 587 2166 potuisse,
610 2085 751 2146 atcerte
774 2084 844 2146 toto
867 2080 975 2144 animo

34 2166 155 2234 voluisse
184 2171 334 2234 testetur.
383 2168 618 2235 Describuntur
645 2169 697 2236 hic
724 2191 810 2235 nuno
838 2191 857 2234 a
883 2171 983 2258 typo-⁶

35 2257 149 2340 graphia
180 2278 283 2341 opera
311 2258 422 2322 omnia
444 2256 584 2324 Senecae
612 2259 781 2324 emendata
809 2256 915 2323 studio
939 2279 976 2322 ac

35 2342 188 2430 diligentia
216 2366 298 2410 mea
344 2345 433 2423 Quae
457 2347 553 2413 simul
576 2348 725 2414 absoluta
746 2349 854 2432 erunt,
881 2345 921 2410 ad
944 2349 976 2409 te

36 2433 200 2500 mittentur.
245 2431 404 2520 Sequetur
426 2433 684 2502 Commentarius
706 2437 742 2501 in
763 2435 881 2501 Ethica
903 2433 975 2500 ΑΠ’-

36 2523 143 2588 stotelis
162 2523 294 2608 aliaque
313 2523 473 2610 deinceps,
496 2547 578 2611 quae
595 2526 656 2590 tibi
669 2547 737 2592 non
749 2545 977 2611 usquequaque

37 2608 223 2695 displicitura
251 2611 386 2678 confide.
429 2611 559 2678 Interea
585 2615 680 2680 mitto
707 2613 749 2680 ad
775 2618 807 2679 te
835 2613 976 2679 oratiun-

38 2699 124 2764 culam
155 2700 307 2766 habitam
338 2699 392 2766 hio
421 2723 441 2766 a
469 2723 521 2768 me
550 2702 586 2768 in
614 2703 726 2770 funere
756 2701 849 2767 Pauli
875 2701 977 2786 Foxii,

36 2785 267 2874 brchiepiscopi
294 2788 461 2871 Tolosani,
488 2791 601 2877 magni
626 2813 664 2858 ae
690 2790 885 2876 praestantis
915 2789 999 2864 viri,

36 2875 156 2963 tibique,
184 2881 222 2942 ut
250 2877 379 2963 opinor,
406 2901 474 2945 non
496 2879 608 2965 ignoti.
653 2879 773 2945 Addidi
796 2879 858 2945 duo
882 2899 977 2963 quae-

38 2961 97 3030 dam
113 2961 278 3052 poematia
296 2988 377 3052 mea,
400 2967 441 3033 ad
459 2989 540 3053 quae
558 2969 727 3036 familiaris
742 2967 873 3055 quidam
886 2989 977 3034 meus

37 3055 151 3122 notulas
183 3057 341 3142 quasdam
368 3055 485 3122 adiecit
515 3079 583 3124 non
609 3079 742 3143 prorsus
769 3057 978 3142 inelegantes.

38 3137 112 3208 Haec
138 3165 244 3230 pauca
269 3143 411 3212 libenter
437 3146 574 3231 accipies
600 3150 697 3232 teque
723 3146 764 3212 iis
792 3145 979 3234 oblectabis,

39 3227 101 3294 dnm
125 3253 146 3296 a
172 3254 225 3298 me
248 3233 379 3318 gravius
402 3233 523 3320 aliquid
545 3239 579 3300 et
601 3235 744 3322 dignius,
772 3233 858 3321 quod
881 3235 922 3301 ad
943 3241 978 3304 te

40 3317 183 3406 mittatur,
211 3321 360 3406 accipias.
403 3321 532 3388 Interea
554 3345 610 3390 oro
633 3328 667 3389 te
689 3325 859 3409 perillam
882 3346 979 3412 saepe

40 3406 105 3471 mihi
130 3413 310 3494 spectatam
336 3409 572 3477 humanitatem
600 3434 637 3478 ac
665 3414 851 3480 comitatem
877 3417 979 3501 tuam,

41 3496 69 3556 ut
88 3517 191 3563 amare
213 3520 266 3564 me
288 3519 415 3585 pergas,
437 3501 569 3585 eiusque
590 3503 639 3568 rei
660 3503 741 3568 mihi
763 3503 858 3567 fidem
879 3501 979 3568 inter·

41 3579 115 3670 dum,
145 3587 230 3674 quod
259 3589 428 3658 commodo
454 3593 512 3655 tuo
539 3589 609 3675 fiat,
640 3591 705 3656 tuis
737 3589 988 3657 iucundissimis

66 3681 154 3726 uram
165 3684 213 3732 soa
227 3692 278 3730 un.
291 3691 317 3726 n.
749 3697 764 3746 7
