2326 3942
383 199 564 256 EPISTOLA
581 200 655 256 VIII.
953 202 991 264 11

57 345 280 430 Valgrisiorum.
328 343 390 420 Qui
413 345 496 432 site
519 348 553 409 et
579 367 630 410 me
657 345 866 429 prodiderunt
894 367 993 432 eaque

55 433 152 516 perfide
174 455 212 498 ac
225 433 389 498 malitiose
402 433 661 518 interverterunt,
683 435 856 499 maximam
874 436 993 500 malam

55 525 158 604 pestem
177 544 291 587 eorum
310 523 408 606 capiti
426 543 555 605 precor3
578 526 616 586 ut
634 526 746 588 contra
764 521 869 587 Deum
887 523 994 606 ipsum

53 631 97 675 oro
117 613 148 674 et
162 633 294 695 quaeso,
318 611 437 695 siquid
458 611 494 674 in
507 611 568 675 hac
589 632 624 674 re
643 634 663 675 a
681 632 732 676 me
756 614 813 675 aut
834 611 994 676 malitiose

53 703 96 762 aut
113 699 318 784 negligenter
338 699 532 782 factumest,
554 703 592 763 ut
604 721 656 764 me
679 699 828 764 omnibus
846 700 994 783 pessimis

22 859 25 868 ,
53 788 190 872 exemplis
213 788 387 852 multatum
408 788 495 852 velit.
523 786 557 854 si
580 788 657 872 quid
680 788 791 872 culpae
814 791 872 870 est,
895 810 915 852 a
936 786 994 852 Le-

53 875 183 957 pidoest:
199 897 397 961 quamquam
410 875 507 940 huius
516 877 617 961 ipsius
627 877 750 941 nullam
759 876 857 940 fuisse
868 877 996 960 culpam

52 967 122 1029 certo
145 965 223 1029 scio.
269 963 363 1040 Quod
385 985 445 1050 ego
472 968 518 1049 te,
546 966 591 1029 mi
613 963 753 1048 Manuti,
780 986 838 1048 per
865 965 995 1050 genium

51 1056 125 1118 tuum
147 1073 271 1138 perque
293 1053 383 1118 illam
405 1053 581 1118 maximam
603 1056 636 1118 et
663 1053 900 1118 sanctissimam
922 1075 996 1118 con·

51 1141 235 1206 iunctionem
257 1145 412 1226 nostram,
435 1163 532 1226 quem
555 1162 616 1226 ego
640 1163 765 1226 semper
787 1165 913 1206 summa
935 1142 996 1206 fide

49 1233 74 1292 et
93 1231 177 1296 colui
200 1234 234 1294 et
256 1231 374 1314 colam,
402 1231 534 1296 obsecro
558 1233 591 1294 et
613 1231 770 1314 obtestor,
797 1231 937 1314 primum
960 1235 997 1294 ut

50 1319 158 1404 credas,
180 1319 264 1384 nihil
288 1341 308 1382 a
325 1340 377 1382 me
400 1320 607 1384 commissum
621 1341 700 1402 esse,
723 1339 780 1384 our
801 1320 867 1383 ulla
880 1320 931 1383 vel
953 1320 996 1383 le-

48 1405 169 1472 vissima
182 1409 296 1492 culpae
311 1407 450 1491 suspicio
464 1408 499 1472 in
512 1429 563 1472 me
577 1408 708 1474 haerere
722 1408 850 1491 debeat3
874 1407 997 1490 deinde,

51 1499 77 1558 ut
95 1496 158 1562 hoc
180 1496 243 1561 tibi
265 1496 547 1580 persuasissimum
571 1496 626 1580 sit,
649 1499 778 1560 tantum
800 1517 852 1560 me
875 1517 914 1560 ex
936 1496 997 1560 hac

49 1605 74 1646 re
94 1585 239 1650 dolorem
261 1585 456 1670 percepisse,
479 1588 636 1671 quantum
658 1606 762 1671 neque
785 1583 867 1650 ferre
890 1585 997 1649 mode·

49 1676 103 1734 rate
125 1694 234 1758 neque
256 1673 324 1738 ullo
346 1672 442 1738 modo
457 1673 634 1757 exprimere
656 1695 797 1757 possum.
829 1671 997 1738 Orestinee

48 1763 110 1824 tuae
133 1762 264 1825 litterae
287 1783 339 1826 mc
353 1766 409 1826 aut
430 1762 620 1828 recreabant
643 1766 699 1826 aut
712 1761 889 1827 conficient.
911 1761 997 1826 Nam

49 1849 70 1910 si
89 1849 167 1914 folia
190 1850 248 1914 illa
270 1850 318 1914 ita
338 1851 478 1934 tempori
499 1853 688 1936 recuperata
705 1850 780 1934 sint,
803 1853 840 1914 ut
857 1853 894 1914 tu
915 1851 999 1914 nihil

48 1957 79 1999 ex
99 1957 139 2002 ea
165 1959 201 2002 rc
230 1938 414 2004 detrimenti
437 1939 572 2022 ceperis,
597 1939 800 2022 reviviscam3
829 1938 880 2002 sin
908 1960 998 2002 secus

48 2027 199 2110 acciderit,
222 2048 291 2091 non
304 2027 425 2109 dubito,
449 2027 527 2113 quin
550 2049 589 2091 ex
603 2028 712 2092 dolore
735 2027 770 2090 in
789 2045 918 2111 gravem
942 2027 998 2091 ali·

48 2135 133 2196 quern
157 2115 309 2180 morbum
330 2115 481 2180 incidam.
513 2115 614 2180 Filius
636 2119 711 2180 tuus
725 2115 795 2180 heri
818 2137 912 2179 mane
936 2115 998 2180 dis-

48 2205 137 2267 cessit
159 2225 228 2268 una
250 2225 324 2268 eum
342 2205 508 2289 magistro.
539 2202 682 2290 Uterque
697 2227 717 2268 a
730 2225 781 2268 me
803 2225 863 2287 pro
877 2203 998 2268 viribus

48 2292 140 2356 amice
156 2295 190 2355 et
204 2291 375 2377 diligenter
397 2296 525 2357 curatus
540 2296 598 2358 est.
625 2291 724 2357 Visus
738 2295 788 2356 est
809 2291 890 2356 mihi
903 2293 999 2376 plane

47 2377 229 2463 deposuisse
250 2381 341 2446 illam
364 2381 464 2445 animi
486 2381 699 2464 ferocitatem,
722 2401 803 2466 quae
826 2381 999 2466 aliquando

47 2489 81 2531 ne
103 2492 169 2534 una
192 2492 267 2534 eum
290 2473 395 2534 aetate
418 2473 612 2534 accresceret
635 2470 835 2534 subverebar.
864 2469 1000 2534 Tentavi

46 2557 147 2640 ctiam,
171 2557 230 2622 sed
251 2558 372 2642 leviter,
396 2579 476 2642 quos
499 2578 688 2643 progressus
706 2557 836 2623 iecisset
857 2557 892 2621 in
914 2559 998 2622 litte·

47 2645 94 2708 ris.
130 2645 192 2710 Vis
217 2650 326 2730 aperte
349 2649 456 2711 tecum
477 2645 625 2711 fabuler?
647 2645 746 2710 Visus
769 2649 819 2710 est
841 2646 921 2710 mihi
944 2646 994 2711 do-

47 2733 123 2798 ctior
150 2735 309 2819 magistro
336 2757 403 2799 suo.
449 2733 520 2800 Sed⁴
539 2757 611 2800 cum
634 2735 754 2819 cogito,
777 2735 903 2798 litterae
925 2738 1000 2800 tuae

47 2841 92 2883 me
121 2822 325 2888 conturbant.
371 2820 490 2888 Scribis
518 2823 617 2906 enim,
644 2827 681 2887 ut
707 2823 748 2888 ad
774 2826 807 2886 te
835 2823 874 2887 de
901 2823 999 2889 filiolo

47 2911 98 2972 tno
127 2911 248 2995 aliquid
275 2911 426 2995 scribam,
454 2912 546 2996 quasi
573 2915 669 2976 antea
695 2912 777 2975 nihil
804 2911 998 2996 scripserim,

46 2996 157 3062 deinde
179 2999 356 3083 respondes
370 3000 409 3065 de
431 3000 514 3065 libro
528 2999 686 3066 lambini.
713 2998 815 3084 Atqui
838 3020 907 3084 ego,
931 3002 999 3085 qui·

47 3083 103 3148 bus
136 3087 252 3152 litteris
261 3087 285 3173 ¹)
317 3089 358 3153 ad
384 3091 417 3152 te
445 3089 483 3152 de
510 3087 659 3154 Lambini
690 3088 773 3152 libro
801 3088 1000 3174 scripseram,

46 3172 157 3239 iisdem
179 3176 219 3240 de
232 3177 331 3241 filiolo
353 3180 410 3241 tuo
434 3177 622 3260 scripseram
640 3177 751 3241 multa.
778 3175 892 3261 Itaque
914 3177 1000 3245 huno

47 3262 166 3327 nodum
187 3287 254 3328 non
276 3287 409 3349 possum
424 3265 605 3330 dissolvere.
632 3264 717 3330 Nam
732 3265 817 3350 quod
841 3265 882 3330 ad
903 3265 1000 3333 finem

45 3346 226 3417 ioculariter
253 3353 380 3438 scribis,
406 3375 467 3419 nos
494 3353 616 3440 aliquid
643 3375 725 3438 esse,
754 3355 869 3439 quibus
896 3375 1000 3438 neque²

122 3541 142 3610 ¹)
158 3544 197 3600 cf.
215 3561 299 3616 supra
316 3563 359 3616 ep.
377 3545 411 3601 V.
