2360 3944
416 217 551 272 ORATIO
570 217 617 272 Ill.
954 221 997 284 33

60 366 162 446 culum,
192 361 279 447 quod
308 366 418 426 tamen
444 361 636 426 Africanum
663 361 777 426 fecisse
807 364 998 448 accepimus,

59 457 85 517 et
102 451 177 516 facie
199 449 436 533 feminibusque
457 451 593 514 lacuatis
613 451 653 513 in
667 450 831 533 publicum
849 453 1002 535 prodeat,

58 542 94 604 sic
114 541 138 603 si
160 540 232 623 quis
255 538 437 602 Patroclem
458 539 550 602 illum
573 538 694 603 imitari
716 539 806 622 velit,
829 561 924 622 quem
948 562 998 604 ca-

57 629 156 692 villans
176 626 414 710 Aristophanes
437 648 604 710 nunquam
626 626 661 690 in
683 627 751 690 vita
772 628 888 691 lavisse
912 628 999 706 dicit,

55 717 146 780 itaut
167 736 337 798 nunquam
360 737 410 799 os,
438 737 604 800 nunquam
626 736 742 778 manus
766 716 889 800 abluat,
916 738 998 780 nun·

54 827 138 887 quam
155 803 308 868 sudorem
327 803 505 888 detergeat,
521 824 617 868 nemo
637 803 692 888 sit,
710 803 765 888 qui
783 825 851 890 non
868 805 997 868 foedum

53 895 125 956 illius
153 892 343 975 adspectum
370 894 402 955 et
430 894 550 955 tetrum
578 913 616 954 ac
642 892 851 976 virulentum,
879 894 934 976 qui
961 915 997 956 ex

53 1003 83 1045 eo
104 980 283 1064 afflabitur,
306 980 436 1044 odorem
456 979 667 1044 abominetur.
707 979 820 1064 Neque
839 1002 915 1045 vero
938 1003 998 1046 nos

52 1067 279 1152 aphilosopho
308 1068 478 1152 exigimus,
505 1072 543 1133 ut
565 1068 735 1132 verborum
762 1069 934 1152 paritatem
962 1091 999 1134 ac

52 1157 286 1221 similitudinem
314 1159 502 1240 aucupetur,
534 1178 638 1240 neque
665 1159 702 1221 ut
723 1157 759 1220 in
785 1157 999 1221 retundendis

52 1245 180 1328 periodis
209 1248 396 1328 occupetur,
428 1266 546 1328 neque,
575 1246 602 1308 si
630 1249 789 1330 agrestem
817 1267 885 1309 esse
912 1246 998 1309 illius

52 1338 78 1396 et
95 1334 322 1397 inconcinnam
339 1333 535 1397 locutionem
553 1334 718 1417 nolumus,
737 1333 953 1397 effeminatam
967 1337 1000 1397 et

53 1422 242 1486 canticorum
266 1421 401 1485 similem
424 1422 585 1504 volumus,
611 1442 715 1504 neque
737 1425 806 1484 tam
827 1425 864 1484 ut
891 1442 1001 1485 rerum

52 1509 276 1593 praestantiam
302 1509 473 1574 verborum
503 1509 672 1592 splendore
701 1504 873 1592 illuminet,
903 1531 1000 1594 quam

53 1603 83 1660 ut
104 1620 142 1662 ne
163 1599 255 1661 illam
274 1598 428 1662 orationis
450 1597 636 1681 impuritate
657 1597 867 1681 contaminet,
890 1601 998 1681 postu·

53 1686 153 1750 lamus.
190 1686 241 1750 Tu
265 1686 357 1770 mihi,
380 1707 452 1750 cum
471 1686 510 1750 de
533 1686 628 1749 rebus
649 1685 782 1770 cognitu
802 1686 1000 1770 dignissimis

54 1775 145 1838 dicere
169 1775 335 1860 ingressus
359 1775 415 1857 sis,
438 1796 476 1838 ea
498 1774 670 1838 verborum
692 1777 843 1858 portenta
862 1797 1000 1858 evomas,

54 1865 95 1944 ut,
119 1864 174 1947 qui
197 1862 348 1946 aderunt,
374 1884 442 1927 non
468 1861 634 1927 hominem
659 1863 762 1946 loqui,
790 1863 845 1926 sed
873 1863 1001 1926 asinum

53 1951 154 2015 rudere
178 1951 375 2015 existiment:
402 1954 434 2014 et
455 1954 566 2014 tamen
589 1972 627 2014 ea
648 1949 799 2014 fatuitate
823 1954 919 2032 atque
942 1951 1000 2013 im-

55 2039 196 2120 pudentia
220 2039 278 2124 sis,
301 2042 338 2103 ut
359 2039 506 2103 homines
528 2039 628 2122 polite
648 2038 773 2102 dicendi
796 2039 928 2120 cupidos
949 2039 1001 2101 de-

54 2127 157 2210 spicias
188 2132 222 2193 et
249 2128 349 2212 istud,
374 2128 459 2213 quod
481 2131 518 2192 tu
545 2127 639 2210 facis,
660 2147 755 2191 voces
778 2125 1004 2210 philosophice

52 2215 151 2300 loqui?
197 2216 285 2281 Nam
308 2217 393 2300 quod
420 2217 455 2280 in
482 2237 520 2281 eo
549 2215 750 2279 maiestatem
778 2216 940 2298 quandam
968 2220 1002 2279 et

53 2307 133 2386 quasi
155 2305 349 2388 religionem
367 2305 471 2368 inesse
490 2304 553 2388 vis,
575 2303 647 2367 vide
671 2324 712 2367 ne
735 2303 844 2387 potius
866 2303 1002 2387 impium

51 2393 97 2475 sit,
118 2397 156 2458 ut
175 2414 254 2457 vasa
271 2391 341 2456 Deo
361 2392 466 2458 dicata
485 2393 620 2476 impuris
643 2392 806 2475 manibus,
828 2392 875 2455 ita
898 2391 1003 2474 philo·

51 2481 191 2564 sophiam
209 2482 337 2564 impuro
357 2503 502 2546 sermone
521 2484 669 2544 tractare.
706 2479 895 2563 Enimvero,
918 2480 945 2543 si
963 2501 1001 2543 ea

50 2568 171 2633 demum
191 2590 284 2633 sacra
302 2591 339 2632 ac
359 2569 511 2654 religiosa
533 2572 623 2652 sunt,
646 2590 727 2652 quae
747 2571 863 2634 ornatu
882 2571 1002 2652 carent,

49 2661 247 2722 removeatur
261 2679 375 2721 aurum
388 2679 408 2721 a
421 2657 559 2742 templis,
573 2677 728 2742 gemmae,
743 2658 845 2742 signa,
861 2656 1001 2739 tabulae,

49 2744 179 2810 donaria
206 2745 347 2828 denique
372 2745 476 2810 omnis
505 2747 632 2830 generis
659 2747 893 2810 removeantur.
944 2743 999 2808 Sin

49 2830 102 2897 hoc
124 2835 179 2898 vel
207 2834 351 2918 cogitare
378 2834 538 2898 nefarium
566 2838 628 2911 est,
655 2833 814 2898 fateamur
841 2832 888 2916 id,
916 2833 1001 2916 quod

49 2922 123 2986 ratio
144 2921 384 3006 quodammodo
407 2922 478 3006 ipsa
499 2921 702 3006 praeseribit,
724 2942 827 3005 neque
849 2941 926 3003 opes
950 2942 1001 2983 us·

9 3057 10 3060 ,
49 3030 137 3091 quarn
171 3010 287 3073 melius
320 3032 416 3092 quam
447 3011 482 3073 in
513 3009 574 3074 Dei
607 3011 708 3092 cultu,
739 3030 843 3092 neque
876 3007 1003 3072 dicendi

49 3099 170 3181 copiam
196 3098 393 3182 praeclarius
416 3120 513 3181 quam
539 3099 574 3162 in
602 3097 776 3163 excolenda
804 3097 1002 3161 exomendo-

50 3205 103 3267 que
125 3185 336 3270 philosophia
359 3187 518 3251 collocari.

108 3273 276 3360 Superest,
296 3277 334 3338 ut
352 3275 392 3340 iis
411 3275 659 3359 satisfaciamus,
680 3275 735 3359 qui
755 3277 879 3362 negant
898 3273 1001 3359 philo·

10 3393 11 3398 κ
49 3363 191 3446 sophiam
210 3385 284 3427 cum
303 3364 487 3448 eloquentia
505 3385 599 3447 posse
619 3363 785 3449 coniungi,
806 3365 1001 3430 necessario·

49 3471 103 3532 que
130 3453 187 3536 qui
216 3452 352 3517 alteram
379 3473 419 3515 ex
447 3453 554 3518 animo
583 3452 681 3536 colat,
710 3453 739 3515 ei
769 3474 838 3518 esse
866 3452 1002 3515 alteram

50 3538 265 3623 deserendam,
288 3540 344 3624 qui
363 3539 403 3604 ad
424 3544 593 3625 utramque
612 3541 755 3604 animum
775 3538 939 3621 adiecerit,
959 3560 1002 3602 ne

93 3652 239 3696 Mnemon.
823 3648 839 3695 3
