2368 3956
428 197 548 254 CAPUT
566 197 662 254 LVIII.
955 197 1021 264 203

70 343 230 426 habentur,
243 341 487 425 speculationem,
501 341 764 425 ingratitudinem,
777 301 1021 410 aerariorum

71 429 186 514 alisque
202 430 346 494 eiusdem
360 430 487 516 generis
509 431 649 514 plurima
663 432 841 497 ostendero.
871 431 933 498 seo
944 433 1021 498 satis

70 519 238 596 cstdicisse,
260 537 312 601 epo
320 519 455 600 pulchra
462 523 609 602 poemati
624 519 773 607 pompm).
818 519 900 586 eum
923 520 1021 585 semel

70 605 192 670 inbono
207 606 412 691 disciplinam
426 628 545 672 nomen
558 606 696 686 dederis,
715 627 905 694 quocunque
924 608 1020 674 modo

70 697 98 758 et
119 694 239 760 scribas
262 697 295 760 et
317 695 462 780 loquare,
485 695 572 760 dicas
595 697 720 762 licebit:

74 843 75 848 ¹
111 813 238 901 Ταύτης
250 839 303 882 τοι
320 818 436 901 γενεῆς
448 839 483 883 τε
496 816 552 883 καὶ
571 819 709 904 αἵματος
731 814 869 906 εὔχομαι
892 813 1021 904 sivest).

68 938 136 1003 Fuit
162 940 243 1005 haec
273 941 312 1006 de
338 941 498 1026 principio
525 943 689 1008 laboriosa
716 943 874 1029 quaedam
905 945 938 1006 et
969 963 1021 1006 ex-

69 1027 178 1112 quisita
206 1029 387 1114 diligentia,
415 1041 502 1095 nuno
528 1031 564 1094 in
589 1031 755 1116 ignaviam
781 1031 887 1096 vertit.
937 1028 1021 1106 Quid

68 1117 145 1182 enim
167 1119 273 1202 magis
295 1118 331 1182 in
352 1122 506 1204 promptu
529 1121 592 1202 est,
615 1141 726 1204 quam,
748 1140 822 1184 cum
845 1117 922 1205 quid
945 1118 1020 1184 seri·

67 1204 134 1268 bere
155 1206 322 1292 ingressus
346 1207 390 1272 sis
395 1257 404 1291 ,
427 1206 466 1271 de
481 1205 618 1292 singulis
632 1207 754 1274 voculis
768 1206 932 1274 Nizolium
946 1228 1020 1274 con-

68 1293 185 1358 sulere?
230 1294 314 1370 Quid
336 1297 373 1359 tu
395 1295 518 1381 igitur?
540 1295 681 1381 inquies,
703 1318 742 1360 ex
764 1296 914 1362 omnibus
938 1296 1020 1360 anti·

68 1382 131 1465 quis
168 1383 380 1468 scriptoribus
412 1385 503 1449 nullo
540 1383 724 1450 discrimine
761 1385 872 1466 verba,
904 1384 1020 1468 quibus

67 1473 164 1552 utare,
193 1471 384 1556 depromes?
428 1471 534 1538 Immo
561 1494 637 1538 vero
668 1471 828 1538 adhibebo
859 1471 1020 1554 iudicium,

67 1557 185 1624 habebo
218 1559 383 1644 dilectum,
413 1565 446 1626 et
477 1583 550 1626 cum
582 1582 621 1626 ex
647 1561 687 1626 iis
713 1560 933 1645 potissimum,
965 1561 1021 1645 qui

68 1647 263 1733 antiquitatis
279 1669 405 1734 quoque
419 1649 483 1733 ipsi
500 1649 662 1734 principes
676 1649 836 1734 visisunt,
858 1647 1020 1732 Cicerone,

68 1733 209 1820 Caesare,
237 1736 402 1822 Terentio,
430 1737 516 1822 aliis,
550 1759 647 1823 quem
673 1737 813 1822 plurima
840 1759 1019 1822 sumpsero:

68 1844 133 1888 eum
146 1825 304 1890 orationis
318 1847 409 1890 mese
423 1845 525 1912 genus
549 1826 591 1891 ad
604 1847 715 1892 eorum
729 1827 900 1910 exemplar,
923 1847 1021 1911 quem
1060 1885 1066 1896 .

67 1913 198 1977 maxime
220 1917 370 1998 potuero,
398 1915 615 1998 conformare,
643 1937 682 1980 ex
704 1915 777 1980 aliis
804 1935 932 2000 quoque
954 1913 1020 1977 bel-

67 1999 219 2066 lissimum
242 2002 390 2088 quodque
413 2023 558 2088 carpam,
581 2007 699 2088 etque
724 2003 858 2089 quisque
881 2001 1020 2067 maxime

22 2107 26 2120 ’
67 2090 245 2155 excelluisse
280 2091 454 2176 uidebitur,
489 2091 523 2157 id
558 2091 679 2156 imitari
711 2095 807 2176 atque
844 2091 1020 2175 exprimere

67 2178 215 2244 conabor}
238 2199 343 2264 neque
365 2179 454 2244 iniis
469 2179 574 2265 modo,
597 2201 678 2265 quos
700 2180 798 2264 paulo
819 2182 894 2243 ante
916 2177 1019 2242 nomi·

67 2266 146 2350 navi,
181 2266 237 2332 sed
268 2267 304 2340 in
335 2267 534 2334 Tertulliano
544 2265 586 2355 ³),
613 2266 779 2352 Ambio,
814 2265 1020 2350 Hieronymo,

5 2425 6 2428 Ἴ
66 2351 259 2439 Augustino,
281 2353 456 2422 Ambrosio
484 2359 530 2438 et,
554 2357 639 2441 quod
666 2356 770 2441 magis
793 2355 930 2438 mireris,
953 2355 1020 2437 Ap·

5 2441 6 2444 ’
66 2443 181 2526 pulsis,
205 2442 412 2528 Cassiodoro,
434 2443 597 2510 Martiano
616 2444 714 2510 etiam
728 2449 761 2509 et
775 2443 906 2509 Sidonio
920 2442 1020 2529 Apol·

131 2635 150 2702 ¹)
170 2635 237 2690 Hor.
256 2635 316 2690 Art.
336 2637 415 2692 Poet.
433 2655 459 2692 r.
479 2642 542 2693 416.

131 2705 152 2774 ¹)
171 2705 253 2762 Hom
273 2707 305 2762 Il.
323 2706 371 2762 VI.
390 2713 450 2761 211.

130 2774 152 2845 ¹)
171 2775 255 2847 Gssp.
277 2776 423 2847 Scioppius
440 2777 555 2832 Rhetor.
573 2775 876 2846 Exercit.peg.1t.et
894 2773 929 2829 de
947 2773 1020 2830 Stilo

66 2843 156 2902 histor.
174 2861 242 2918 pag.
261 2852 296 2902 64
314 2847 458 2904 axistImst
479 2849 550 2903 haec
571 2848 715 2903 Moratum
731 2863 789 2902 non
807 2843 942 2901 exanimi
960 2862 1020 2900 sen-

65 2915 150 2972 tentia
167 2917 327 2988 scripsisse,
346 2918 396 2973 sed
413 2919 447 2974 ut
463 2917 495 2972 in
512 2919 567 2974 hac
584 2917 768 2989 professione,
792 2916 816 2972 si
840 2915 908 2986 quid
926 2916 1020 2972 minus

66 2984 274 3042 Ciceronianam
287 2988 444 3057 excidisset,
458 2987 598 3044 latebram
611 2989 737 3043 haberet.
769 2986 910 3042 Adversus
924 2985 1020 3068 Seiop-

65 3055 138 3123 pium
155 3055 284 3128 disputat
301 3059 356 3114 Iac.
375 3059 541 3114 Thomssius
559 3059 680 3114 Ptaefat.
700 3074 765 3129 pag.
784 3057 858 3112 VIII.
899 3056 972 3112 Mihi
989 3075 1020 3112 m
1080 3099 1083 3106 ,

64 3125 113 3181 tali
129 3145 159 3182 re
182 3145 239 3184 non
261 3127 331 3199 quid
353 3129 472 3200 quisque
494 3127 608 3199 dixerit,
630 3127 796 3212 praesertim
817 3127 942 3198 tempori
964 3143 1019 3183 ser-

64 3197 152 3268 viens,
170 3199 219 3254 sod
237 3199 317 3269 quid·
329 3203 407 3258 certo
426 3203 455 3256 et
473 3200 614 3255 constanti
631 3199 736 3254 iudicio
754 3197 866 3268 fecerit,
890 3200 1019 3270 spectan-

65 3265 127 3322 dum
144 3269 264 3324 videtur.
300 3270 389 3341 Atqui
406 3287 451 3326 res
468 3269 531 3340 ipsa
547 3269 681 3340 loquitur,
699 3269 841 3324 Muretum
865 3285 922 3324 non
940 3268 1018 3338 alios,

65 3335 115 3392 nisi
132 3339 294 3396 Ciceronem
315 3343 346 3396 et
366 3339 489 3412 reliquos
513 3340 637 3412 optimae
659 3339 761 3405 aetatis
784 3339 935 3410 scriptores
957 3339 1019 3393 imi·

64 3408 146 3464 modo
174 3410 353 3482 expressisse;
376 3411 640 3482 Appoleiiautem,
663 3410 834 3479 cassiodori,
858 3408 965 3464 Sidonii
990 3411 1019 3463 et

65 3477 194 3536 similium
216 3482 316 3551 rerba,
337 3485 475 3552 tanquam
497 3481 655 3553 scopulum,
678 3481 794 3553 fugisse.
833 3479 909 3536 Vera
930 3479 1018 3548 igitur

65 3551 106 3604 est
122 3549 245 3623 Scioppii
263 3553 409 3609 sententia.
446 3551 479 3607 D.
498 3553 531 3608 R.
