2330 3944
387 237 522 295 ORATIO
542 239 576 294 X.
914 243 957 308 99

30 380 118 445 videor
151 403 223 446 eum
256 383 348 447 vobis
384 385 473 468 prius
510 385 601 469 quasi
639 386 836 472 gustandum
873 388 957 454 dare

29 469 83 535 Hoc
106 473 176 534 tant
177 493 231 534 um
258 472 469 537 avobist
414 478 503 556 pet,o
530 473 649 558 nequid
676 475 739 540 huc
761 475 957 580 praeiudica-

30 562 67 622 tae
90 559 244 642 opinionis
271 560 406 625 adferat
382 565 437 645 t,1s
465 583 544 626 neve
571 565 823 666 permoveamiui
850 566 939 630 stult
915 570 957 630 trs

30 669 55 710 ao
72 651 182 712 temne
205 649 297 713 iactis
320 650 452 715 vocibus
475 651 691 735 quorundam,
714 654 769 736 qui
792 675 873 738 quae
889 675 958 720 non

30 737 204 822 intelligunt,
229 738 261 802 ιι
262 741 423 822 t.uperant
460 738 604 804 Tribuite
632 740 694 806 hoc
722 741 815 826 mihi,
842 746 879 806 ut
906 765 957 808 me

30 847 78 889 rou
101 826 226 909 quidem
253 827 345 892 valde
373 827 609 912 intelligentem
641 833 674 893 et
705 829 871 915 idoneum,
903 831 958 895 sed

29 920 113 977 lemen
151 935 220 980 non
259 917 361 981 multo
402 916 604 1002 deteriorem,
645 939 743 1001 quam
783 919 838 983 isti
874 923 959 1004 sunt,

30 1001 119 1067 harum
153 1025 261 1069 rerum
297 1004 435 1070 iudicem
472 1006 640 1070 existimet
632 1028 668 1070 rs.
714 1005 776 1084 Qui
812 1028 885 1072 cum
918 1009 959 1091 et,

30 1111 132 1190 ernquo
158 1092 234 1157 huic
262 1095 387 1158 muneri
415 1095 580 1180 praeposit
582 1117 618 1160 us
651 1117 735 1180 sum,
766 1096 849 1160 nihil
876 1097 958 1161 anti-

31 1180 100 1262 quius
128 1181 310 1267 habuerim,
347 1204 443 1267 quam
475 1187 512 1247 ut
543 1205 614 1268 ros,
652 1188 809 1269 quantum
840 1185 876 1248 in
907 1206 958 1249 me

31 1273 74 1352 ιιι,
96 1271 180 1334 omni
209 1271 334 1335 liberali
357 1271 504 1336 doctrina
527 1273 671 1337 excolam
694 1277 790 1357 atque
814 1293 959 1358 augeam,

31 1361 52 1420 et
79 1359 247 1424 multorum
284 1381 443 1425 annorum
479 1361 644 1426 laboribus
677 1383 714 1426 ae
746 1362 865 1446 vigiliis
897 1361 960 1426 hoc

31 1451 192 1544 consecutus
219 1448 291 1549 sim,
314 1453 441 1514 utnon
463 1450 498 1513 in
521 1451 637 1534 vulgus
660 1450 771 1533 mod0‚
795 1450 851 1513 sed
874 1449 960 1532 apud

32 1555 95 1616 ιιι
122 1537 286 1621 principes
318 1537 456 1602 civitatis
493 1559 562 1602 non
594 1539 726 1603 omnino
759 1501 863 1602 lnalus
896 1538 960 1602 elo-

32 1625 151 1705 quentiae
173 1625 376 1692 existimator
398 1617 551 1710 habear,
561 1647 628 1692 non
656 1627 755 1692 debeo
779 1627 880 1691 rideri
904 1630 961 1690 aut

32 1714 108 1775 tam'
100 1714 243 1799 miquus,
269 1719 307 1778 ut
329 1715 457 1780 obstare
487 1715 645 1800 profect
613 1738 646 1779 ur
669 1720 739 1781 vest
740 1737 790 1798 ro,
814 1719 870 1780 aut
892 1719 961 1780 tam

33 1802 133 1888 stultis,
158 1807 197 1868 ut
227 1804 457 1868 existimationi
479 1825 568 1868 meae
591 1826 707 1869 nocere
735 1804 773 1868 de
800 1805 938 1868 indust
897 1807 961 1868 ιιιι

33 1890 110 1954 uelim.
142 1890 206 1956 Sed
231 1892 310 1956 haec
334 1893 462 1976 quidem
484 1892 654 1976 hactenus,
677 1893 741 1957 iam
764 1893 851 1956 enim
875 1892 962 1976 quod

33 1975 103 2044 buius
121 1980 193 2045 libri
221 1985 447 2066 argumentum
471 1982 513 2045 sit
535 1982 693 2065 explicare
717 1981 851 2045 decrevi.
882 1980 961 2064 Vos,

35 2087 135 2153 quaeso,
156 2069 280 2134 excitat
281 2092 297 2133 e
316 2073 413 2154 atque
432 2071 666 2171 expergefacite
685 2070 810 2133 animos
828 2071 962 2151 vestros,

34 2175 146 2242 quaeque
173 2159 217 2223 de
243 2159 339 2223 rebus
363 2159 506 2223 omnium
533 2158 680 2222 maximis
704 2179 740 2220 ao
764 2157 962 2258 gravissimis

35 2243 110 2310 dicere
141 2247 324 2333 ingredior,
359 2267 398 2312 aa
428 2250 467 2311 ut
496 2248 586 2332 penit
588 2268 625 2311 us
657 2245 855 2331 percipiatis,
888 2265 962 2330 ope·

34 2352 82 2396 ram
101 2335 178 2400 date.

80 2422 135 2488 Vet
121 2429 206 2490 teres
230 2425 292 2508 illi,
315 2447 451 2510 quorum
473 2425 573 2490 animi
596 2424 794 2489 densissimis
818 2445 966 2488 errorum

34 2511 145 2577 tenebris
170 2513 315 2579 involuti
342 2537 393 2597 ea,
421 2535 502 2597 quae
529 2513 624 2577 nobis
652 2513 805 2578 divinitus
834 2511 963 2592 affulsit,

35 2603 153 2666 aeternae
171 2603 320 2667 veritatis
342 2604 412 2666 luce
431 2605 616 2686 caruerunt,
639 2623 711 2666 cum
728 2622 840 2665 verum
857 2562 963 2664 Deurrl

35 2685 210 2776 ignorarent,
233 2691 269 2754 in
290 2691 395 2754 varias
419 2691 596 2754 sententias
620 2690 683 2754 dist
681 2688 843 2753 rahebant
829 2692 895 2770 t,ur
923 2692 966 2771 et,

35 2779 164 2844 utnullo
197 2743 293 2844 ιιιιιιο
321 2800 358 2842 aa
391 2779 500 2842 stabili
527 2779 738 2843 fundamento
772 2739 900 2842 subnixi
932 2737 966 2839 et

35 2871 189 2932 commenta
210 2867 399 2951 opinionum
418 2871 600 2951 sequentes,
622 2866 686 2931 huo
704 2867 781 2930 illuc
799 2870 964 2948 tamquam

35 2949 136 3020 incertis
169 2957 237 3020 acti
268 2956 513 3039 tempestatibus
544 2956 622 3020 fluct
622 2955 754 3020 uabant.
799 2953 964 3017 Interdum

36 3037 118 3124 itaque
143 3065 220 3109 eum
246 3044 282 3108 in
308 3045 431 3109 eoelum
459 3045 569 3110 oculos
597 3048 666 3109 sust
652 3045 854 3108 tulerantet
840 3040 964 3104 tillam

36 3127 232 3198 admirabilem
268 3133 551 3197 innumerabilium
587 3134 753 3197 stellarum
795 3129 863 3194 sine
899 3129 966 3192 ulla

37 3221 170 3286 erratione
191 3222 428 3286 decurrentium
445 3222 635 3286 varietatem
648 3242 691 3285 no
693 3223 842 3284 tarteran
828 3219 966 3301 tiocile,

37 3301 250 3395 intelligebant,
273 3313 466 3395 praepotens
490 3311 619 3393 aliquod
642 3331 763 3374 numen
786 3329 855 3373 esse
875 3329 966 3392 opor-

37 3400 96 3478 lere,
127 3400 334 3483 immensum,
369 3399 546 3483 inlinitum,
583 3401 762 3481 aeternum,
799 3397 898 3496 quod.
920 3395 968 3458 illi

13 3513 14 3522 ¹
38 3487 123 3551 tntae
144 3489 224 3553 moli
245 3487 454 3590 praesideret,
482 3509 501 3551 ι
524 3509 587 3571 quo
611 3487 691 3552 haec
713 3507 821 3550 rerum
843 3484 968 3548 univer-

13 3573 14 3584 ’
39 3570 96 3636 ιιι
120 3579 152 3640 et
179 3599 201 3640 a
226 3577 384 3661 principio
413 3577 554 3642 constiut
556 3580 591 3640 ta
618 3579 714 3660 esset,
743 3579 776 3639 et
803 3574 870 3637 eius
894 3591 968 3633 con-

774 3677 810 3728 ¹¹1*
