2326 3942
369 191 504 248 ORATIO
524 191 624 248 XVIII.
907 193 970 259 185

30 340 97 402 haec
122 357 235 402 caussa
261 337 313 402 vel
339 338 479 402 maxima
508 342 570 423 est,
598 359 656 402 cur
682 335 802 403 Graece
829 342 887 404 aut
908 338 970 404 La·

29 428 85 490 tine
111 425 219 510 potius
246 447 343 510 quam
364 425 477 492 Italics
504 429 562 491 aut
584 423 704 491 Gallice
728 426 879 512 scribere,
903 429 970 512 qui·

29 535 141 598 cunque
159 513 193 578 id
212 515 339 600 egregie
356 518 520 600 praestare
538 518 688 599 possunt,
711 514 858 580 debeant.
885 515 972 581 Nam

29 603 73 688 qui
95 602 252 687 scribunt,
279 607 335 668 aut
361 603 535 668 utilitatem
560 603 724 688 publicam
751 608 808 668 aut
835 605 972 690 gloriam

29 713 108 756 suam
149 695 335 776 sequuntur.
386 690 420 756 Si
455 692 630 770 utilitatem
669 692 845 778 publicam,
886 698 973 758 certe

28 783 117 846 nulte
149 781 296 865 pluribus
326 781 517 865 proderunt,
549 781 576 844 si
607 801 646 845 ea
676 781 789 866 lingua
821 782 973 866 scribant,

29 891 97 953 quae
120 870 208 954 apud
231 891 342 934 omnes
366 872 493 955 gentes,
520 869 710 954 quibuscum
732 869 828 934 modo
852 870 974 954 aliquid

29 959 109 1023 nobis
131 980 212 1024 usus
231 962 288 1023 aut
306 957 486 1023 commercii
508 961 570 1042 est,
591 959 801 1044 intelligatur.
829 955 973 1024 Gloriam

28 1069 141 1132 quoque
175 1067 268 1112 suam
298 1047 428 1132 longius
459 1047 619 1130 latiusque
651 1046 845 1132 diffundant,
877 1048 904 1112 si
936 1067 975 1112 ea

29 1137 172 1219 scribant,
205 1157 342 1220 quorum
373 1134 556 1219 pulcritudo
590 1135 631 1201 ab
663 1136 812 1202 omnibus
844 1135 974 1221 populis

28 1224 236 1310 regentibus
263 1225 384 1309 percipi
412 1228 517 1308 queat.
557 1222 605 1289 Ut
635 1223 736 1310 igitur
766 1226 974 1309 peregrinan-

28 1312 102 1378 tibus
129 1313 274 1398 optabile
301 1316 398 1397 esset,
424 1313 564 1398 reperire
591 1333 693 1398 genus
725 1311 855 1397 aliquod
882 1335 975 1378 num-

29 1422 156 1487 morum,
180 1401 271 1466 cuius
294 1402 406 1466 eadem
429 1402 514 1486 apud
537 1421 648 1467 omnes
672 1401 854 1466 aestimatio
882 1406 976 1485 esset,

28 1491 183 1574 multoque
215 1489 368 1556 libentius
396 1493 568 1574 ,uterentur
598 1490 637 1554 iis
674 1511 771 1574 quam
806 1489 884 1574 illis,
921 1490 976 1574 qui

28 1580 113 1644 lertio
141 1581 200 1643 aut
228 1583 344 1663 quarto
372 1601 498 1663 quoque
530 1579 581 1643 die
613 1599 686 1643 cum
718 1577 910 1643 detrimento
943 1583 977 1642 et

27 1688 90 1731 cum
112 1668 263 1732 molestia
284 1667 431 1732 mutandi
454 1671 544 1752 sunt,
566 1689 640 1733 cum
661 1667 707 1731 ibi
729 1669 857 1731 tantum
880 1667 976 1732 utiles

27 1757 97 1841 sint,
123 1757 181 1821 ubi
202 1758 341 1841 imperat
363 1757 390 1820 is
412 1757 575 1842 princeps,
602 1756 693 1820 cuius
715 1755 751 1819 in
778 1755 900 1821 ditione
923 1775 976 1820 cu·

27 1845 151 1910 duntur:
183 1845 231 1910 ita
262 1867 357 1910 nemo
388 1865 456 1910 non
486 1845 587 1930 videt,
623 1847 745 1929 quanto
777 1843 977 1909 commodius

28 1933 74 2017 sit,
95 1935 144 1998 uti
169 1955 207 1998 ea
229 1934 355 2020 lingua,
382 1934 522 2017 quaein
545 1934 633 1998 omni
660 1936 756 2020 gente
780 1953 817 1997 ac
844 1933 977 1997 natione

27 2023 138 2105 reperit
166 2023 308 2107 aliquos,
335 2022 519 2106 etquidem
541 2041 609 2086 non
632 2043 670 2087 ex
697 2021 766 2085 fece
793 2021 896 2106 vulgi,
921 2019 977 2085 sed

27 2131 60 2172 ex
80 2132 209 2194 quaque
235 2111 503 2176 honoratissimos
531 2131 689 2196 quosque,
717 2131 737 2174 a
764 2109 880 2193 quibus
908 2109 977 2174 sine

27 2199 197 2283 interprete
219 2199 433 2286 intelligatur,
456 2221 553 2284 quam
575 2200 628 2284 iis,
652 2219 733 2283 quae
762 2199 858 2263 simul
881 2201 977 2284 atque

28 2288 134 2369 pedem
166 2309 206 2352 ex
237 2288 299 2353 hac
330 2292 388 2354 aut
418 2289 474 2354 illa
505 2289 672 2374 provincia
701 2287 865 2373 extuleris,
897 2287 978 2352 alios

28 2381 118 2460 atque
141 2377 224 2442 alios
247 2377 439 2462 interpretes
462 2377 638 2462 requirunt.
665 2375 832 2453 Quomodo
856 2397 895 2440 ex
917 2375 979 2440 hac

28 2463 250 2530 florentissima
273 2469 306 2529 et
323 2466 524 2531 nobilissIma
540 2466 619 2530 urba
637 2466 673 2529 in
691 2485 802 2531 omnes
819 2468 980 2529 terrarum

28 2558 141 2638 partes,
169 2553 332 2639 quomodo
360 2575 398 2618 ex
420 2555 569 2620 omnibus
595 2557 754 2619 terrarum
776 2553 922 2638 partibus
944 2553 980 2617 in

14 2641 106 2706 ‚bano
131 2643 247 2708 urbem
274 2643 453 2728 legationes
480 2644 699 2727 mitterentur,
731 2643 758 2706 si
790 2643 887 2706 aliam
918 2641 980 2704 lin-

30 2750 132 2814 guam,
160 2752 258 2815 quam
286 2752 370 2816 eam,
398 2732 487 2797 cuius
515 2732 601 2816 apud
629 2752 704 2797 suos
731 2730 879 2816 publicus
902 2749 980 2794 usus

29 2823 84 2902 est,
107 2841 203 2885 nemo
227 2817 412 2885 didicisset?
449 2819 615 2896 Quomodo
639 2820 675 2884 in
700 2819 757 2884 illo
781 2821 919 2904 augusto
943 2837 981 2881 ac

30 2912 229 2972 sacrosancto
247 2906 466 2974 cardinalium
489 2909 625 2994 collegio
649 2908 687 2973 de
700 2906 909 2993 ‘grauissimis
932 2926 980 2970 re·

28 2994 84 3059 bus
107 3001 139 3060 et
162 3017 242 3080 quas
266 3019 361 3082 saepe
384 2997 424 3062 iis
447 2998 524 3063 solis
546 3000 642 3062 notas
665 3017 735 3062 esse
757 2993 898 3078 expedit,
926 2994 982 3077 qui

29 3085 204 3149 sententiae
240 3085 394 3151 dicendae
425 3086 476 3151 ius
506 3086 643 3164 babent,
675 3083 918 3168 deliberaretur,
954 3081 983 3146 si

28 3175 104 3254 quot
126 3194 165 3237 ex
187 3174 374 3238 nationibus
401 3184 570 3241 consessus
597 3175 652 3238 ille
679 3175 820 3257 constat,
846 3171 983 3236 totidem

28 3259 216 3345 interpretes
240 3262 414 3327 adhibendi
440 3263 570 3329 forent?
607 3261 678 3337 Qua
704 3262 740 3327 in
766 3283 801 3326 re
827 3261 983 3326 maiorem

30 3346 164 3415 Latinae
192 3371 290 3434 quam
313 3349 453 3418 (iraecae
479 3353 610 3438 linguae
638 3351 813 3416 utilitatem
840 3371 909 3415 esse
935 3347 983 3412 fa·

29 3441 108 3502 teor:
129 3439 325 3525 intelligitur
347 3440 433 3504 enim
456 3462 476 3505 a
498 3440 652 3524 pluribus.
688 3439 802 3523 Itaque
825 3436 866 3500 ad
889 3455 983 3499 usum

29 3523 142 3592 Latina
165 3527 275 3614 potior
298 3531 361 3614 est,
383 3529 424 3594 ad
447 3528 611 3595 doctrinae
634 3528 760 3612 copiam
783 3523 912 3589 Graeca.
