2330 3944
388 213 524 270 ORATIO
543 213 602 267 XV.
909 217 973 280 145

29 379 123 422 rarum
144 357 362 422 monumentis
386 357 611 442 prodiderunt,
637 380 772 424 numero
802 360 973 444 quisquam

28 452 78 530 est,
97 467 190 530 quem
209 446 324 509 merito
343 447 414 528 quis
434 443 469 510 C.
483 444 632 512 Cornelio
652 447 765 512 Tacito
784 451 973 532 anteponat.

28 535 100 599 Nam
123 535 150 598 si
177 535 259 598 nihil
283 537 332 598 est
358 535 500 599 hominis
528 536 636 600 animo
664 536 847 620 iucundius,
875 559 974 620 quam

27 624 148 707 discere,
168 627 339 706 eteorum,
358 643 439 706 quae
459 627 572 708 suapte
591 624 624 688 vi
642 645 680 687 ac
698 629 815 688 natura
832 625 973 688 iucunda

28 716 106 795 sunt,
132 713 227 776 tanto
254 711 394 795 quidque
420 713 604 796 iucundius,
636 715 758 796 quanto
785 713 906 778 laboris
934 735 972 778 ac

28 800 181 864 molestiae
204 799 312 864 minus
335 800 476 864 exhibet:
500 801 647 865 dubitare
670 801 709 864 de
727 801 881 865 historiae
901 823 973 865 sua·

28 889 113 952 ritate
126 910 225 952 nemo
243 891 364 973 potest,
382 911 455 953 cum
470 889 580 973 scripti
595 909 697 974 genus
715 890 841 956 nullum
860 889 916 973 sit,
935 911 974 953 ex

29 998 77 1058 quo
93 980 150 1040 aut
168 978 263 1060 plura
277 981 334 1042 aut
352 977 445 1042 citius
466 981 499 1041 et
512 978 636 1042 minore
651 977 751 1041 animi
765 977 973 1042 contentione

28 1065 190 1129 discantur.
214 1064 343 1130 Artium
356 1069 537 1150 praecepta,
552 1066 628 1130 dum
641 1066 822 1151 traduntur,
836 1067 974 1132 molesta

29 1158 104 1236 sunt3
126 1153 358 1218 mathematica
376 1175 443 1220 non
462 1156 570 1239 plures
589 1155 803 1238 pulcritudine
822 1156 972 1235 invitant,

28 1263 111 1324 quam
134 1242 327 1306 difficultate
346 1244 521 1326 deterrent3
543 1243 600 1306 illa
618 1243 689 1326 ipsa
707 1243 856 1327 princeps
875 1248 908 1306 et
925 1265 973 1307 re·

29 1331 91 1413 gina
106 1330 226 1394 artium
239 1331 445 1415 philosophia
458 1353 625 1415 nunquam
643 1335 711 1394 tam
725 1333 845 1396 multos
858 1331 974 1396 habuit

28 1419 178 1484 studiosos
202 1419 266 1503 sui,
288 1423 415 1484 utnon
437 1421 545 1504 plures
565 1420 797 1484 obtrectatores
815 1419 975 1483 habuerit.

28 1504 89 1570 Una
126 1507 266 1574 historia
301 1511 364 1592 est,
400 1530 481 1592 quae
520 1509 666 1572 omnium
702 1507 809 1572 studia
845 1507 974 1592 alliciat,
1045 1533 1048 1539 ¹

28 1616 108 1660 eures
136 1599 262 1679 teneat,
290 1597 416 1661 animos
444 1597 596 1678 mulceat3
625 1617 644 1658 a
672 1617 735 1679 qua
765 1596 792 1659 si
820 1596 891 1678 quis
920 1596 975 1660 ab·

27 1682 144 1748 horrere
169 1706 203 1748 se
227 1683 325 1769 dicat,
347 1707 462 1769 parum
482 1684 580 1769 absit,
604 1684 682 1768 quin
704 1684 772 1767 ipse
796 1706 829 1748 se
852 1706 893 1748 ne
916 1684 974 1749 ho-

27 1773 136 1836 ninem
159 1773 289 1857 quidem
312 1793 382 1838 esse
408 1769 559 1838 fateatur.
598 1771 755 1838 Parvulos
782 1793 913 1856 pueros,
939 1773 975 1838 in

28 1861 131 1942 quibus
175 1863 311 1926 naturae
347 1863 396 1927 vis
432 1862 571 1926 maxime
607 1862 711 1926 elucet
747 1862 974 1944 uerissimeque

27 1949 224 2034 perspicitur,
258 1951 349 2014 nulla
385 1973 420 2015 re
452 1951 556 2036 magis
594 1971 691 2034 quam
723 1949 975 2012 narratiunculis

28 2037 93 2100 duci
113 2037 274 2102 videmus:
299 2039 354 2122 qui
377 2039 474 2103 etiam
498 2060 593 2123 saepe
616 2041 654 2101 ut
677 2037 816 2120 aliquem
838 2037 975 2102 fabellas

27 2129 205 2191 nauantem
229 2125 376 2212 audiant,
400 2147 454 2192 eas
477 2127 578 2212 ipsas,
598 2127 717 2211 quibus
741 2147 814 2190 cum
836 2125 975 2190 maxime

28 2235 147 2368 ppqqm
166 2215 266 2366 lrlpnt,
288 2217 485 2368 lusiupqqltaes
509 2216 669 2280 deserunt.
688 2214 766 2316 ,Isti
789 2214 975 2316 superbiae

54 2325 81 2366 vr
114 2325 143 2388 s,
180 2323 365 2368 rrorurne
415 2327 427 2368 1
474 2325 584 2368 rarum
608 2325 753 2368 omnrum
774 2323 896 2387 osores,
920 2323 975 2386 qur

26 2390 78 2454 sibi
100 2413 117 2456 e
140 2391 262 2456 stolido
287 2414 323 2457 ac
347 2393 462 2477 supino
486 2393 751 2476 pulcerrimarum
773 2413 881 2456 rerum
899 2411 976 2455 con·
1074 2397 1076 2399 ’

26 2480 142 2563 tempta
183 2481 320 2564 gloriam
353 2485 526 2566 quaerunt,
561 2485 598 2546 nt
629 2484 739 2545 tamen
771 2481 816 2544 sic
849 2501 975 2564 qnoque

26 2567 146 2651 aliquod
169 2568 312 2634 hominis
335 2570 542 2634 simulacrum
560 2590 598 2634 ac
615 2569 788 2654 vestigium
805 2569 975 2652 retineant,

27 2654 61 2717 ab
81 2656 221 2721 historia
244 2679 312 2722 non
334 2659 464 2742 penitus
488 2657 672 2722 abhorrent.
707 2657 821 2741 Itaque
847 2659 884 2720 in
910 2657 975 2720 illis

25 2741 96 2826 ipsis
119 2766 250 2829 quoque
278 2746 380 2831 atriis,
409 2747 666 2830 coenationibus‚
694 2745 862 2828 cubiculis,
890 2743 975 2809 unde

25 2832 101 2897 aliae
136 2855 253 2898 omnes
289 2835 415 2900 litterae
453 2835 621 2919 omnisque
656 2834 810 2899 honestas
843 2833 976 2915 exsulat,

24 2917 189 2987 inmensa
211 2925 323 2987 tamen
346 2924 453 3008 aliqua
477 2927 534 2988 aut
560 2924 595 2987 in
623 2923 722 2988 abaco
745 2921 908 2986 interdum
930 2920 975 2983 vi-

23 3007 95 3073 deas
128 3011 295 3096 expositos
330 3033 396 3078 una
428 3033 502 3076 cunr
536 3011 650 3076 fritillo
685 3014 717 3074 et
751 3009 906 3074 turricula
938 3028 976 3073 ac

24 3097 147 3163 tesseris
174 3103 358 3184 ceteroque·
377 3101 593 3166 instrumento
626 3098 780 3164 aleatorio
812 3097 910 3160 etiam
939 3097 977 3162 li·

22 3184 93 3250 bros
123 3191 179 3252 aut
205 3187 377 3254 historiam
405 3193 462 3254 aut
489 3189 609 3274 aliquid
635 3187 790 3252 historiae
813 3189 978 3271 utcunque

23 3274 125 3339 simile
151 3277 365 3342 continentes.
405 3277 452 3344 Ut
481 3279 568 3342 enim
594 3280 737 3342 mustum
764 3275 894 3360 bibunt,
922 3275 977 3359 qui

22 3363 84 3428 vini
119 3365 236 3430 veteris
273 3367 482 3433 acrimoniam
519 3369 615 3450 atque
651 3365 873 3430 austeritatem
909 3385 978 3427 non

22 3450 145 3537 lerunt,
177 3454 223 3518 sio
255 3457 348 3540 pueri
374 3459 408 3521 et
437 3455 498 3520 viri
529 3475 703 3538 puerorum
735 3454 869 3535 similes,
901 3449 976 3531 quia

20 3541 101 3606 serio
133 3542 271 3627 scriptae
302 3544 455 3611 historiae
488 3543 680 3629 gravitatem
712 3542 976 3617 severitatemque

68 3654 218 3696 Manuos.
784 3647 817 3695 10
