2368 3956
205 211 268 278 196
574 212 659 268 VAR.
678 211 782 268 tucn.

203 379 291 424 more
318 358 456 424 vooabat
481 357 647 442 sagittam,
674 360 708 448 et
730 356 948 442 significabat,
971 381 1040 426 non
1055 359 1147 426 iortis·

204 447 303 512 simos
317 467 460 531 quosque
474 449 618 512 mortuos
632 465 715 523 esse,
738 445 795 510 sed
809 467 875 530 eos,
897 447 953 532 qui
972 470 1051 514 oasu
1067 451 1147 534 sagit

202 535 246 599 tis
273 535 329 598 icti
356 535 509 600 fuissent:
532 537 582 617 ut,
605 535 660 620 qui
681 533 827 600 hostium
846 536 946 620 potiti
969 542 1075 622 erant,
1095 561 1148 602 non

203 625 374 707 propterea
401 623 508 687 minus
534 621 634 688 fortes
654 619 814 688 habendi
831 628 952 708 essent,
983 647 1081 711 quam
1106 629 1150 710 qui

204 711 394 777 ceciderant.
437 710 575 776 Eminus
602 711 689 776 enim
711 731 785 776 eum
805 711 873 777 illis
899 714 1055 797 proeliati
1075 721 1151 780 erant

204 799 429 866 Athenienses.
477 799 529 866 Ita
555 799 618 864 hoe
640 821 661 863 a
688 801 879 885 grevimimo
905 801 1063 868 historiae
1089 806 1149 870 seri·

204 891 296 974 ptore
319 885 537 974 Thucydide¹)
559 888 751 972 accepimus.

545 1097 690 1167 CAPUT
712 1097 832 1168 LVIII.

206 1220 328 1276 SERMO
354 1218 513 1276 HABlTUS
536 1219 614 1276 CUM
635 1220 747 1276 DARIO
766 1221 970 1278 BERNARDO
993 1222 1045 1279 DE
1063 1223 1151 1280 S'IUL-

205 1308 307 1366 ΤΙΤΙΑ
321 1308 555 1376 Quoauunsn
572 1309 635 1375 QUI
654 1309 696 1364 SE
715 1308 988 1367 clcnuonmnos
1007 1311 1150 1367 vocent.

271 1435 438 1502 Venerant
460 1435 502 1501 ad
514 1457 576 1507 ,me
597 1435 634 1500 in
656 1433 856 1512 Quirinalem
878 1437 1005 1502 visendi
1024 1461 1063 1504 ao
1084 1441 1152 1504 salu·

205 1526 298 1591 tandi
320 1547 435 1590 caussa
459 1524 585 1590 nobiles
608 1523 732 1610 aliquot
754 1523 908 1590 Germani
937 1525 1152 1610 adolescentes,

207 1615 262 1699 qui
284 1635 357 1678 eum
378 1616 482 1678 totam
504 1611 754 1698 prope.'ltaliam
776 1615 1041 1699 perlustrassent,
1062 1637 1152 1702 neque

207 1721 399 1787 quemquam
421 1703 488 1766 fere
511 1701 803 1786 praetermisissent
825 1723 945 1785 eorum,
969 1704 1025 1789 qui
1048 1727 1152 1770 nomen

207 1790 336 1876 aliquod
358 1789 481 1855 habent
501 1791 537 1854 in
559 1789 689 1872 litteris,
712 1791 791 1874 quin
813 1811 887 1855 eum
909 1791 1067 1858 vidissent
1088 1794 1152 1858 allo

206 1880 335 1964 entique
349 1882 466 1964 essent,
488 1900 540 1944 me
555 1899 694 1964 quoque,
717 1881 755 1942 ut
767 1879 832 1962 ipsi
854 1879 983 1962 quidem
1006 1881 1151 1964 dieebant,

207 1969 318 2034 eadem
344 1968 384 2033 de
410 1989 525 2034 caussa
550 1967 657 2031 ridere
679 1987 868 2051 mecumque
896 1969 1038 2054 colloqui
1058 1971 1150 2036 uolue-

206 2060 289 2122 rant.
335 2053 479 2142 Cumque
501 2055 565 2140 ipsi
586 2075 638 2120 me
661 2055 699 2119 de
724 2055 838 2120 studiis
861 2057 954 2141 meis,
977 2078 1039 2142 ego
1054 2063 1152 2124 eontra

206 2167 262 2210 eos
290 2145 329 2209 de
352 2143 543 2210 Germaniae
570 2147 659 2209 statu
685 2143 787 2228 deque
813 2143 868 2228 iis,
896 2145 951 2229 qui
977 2147 1045 2212 illie
1071 2147 1152 2212 hodie

205 2234 319 2299 florere
342 2233 532 2318 dieemntnr,
554 2232 687 2298 eruditis
710 2233 896 2298 hominihus
923 2234 1152 2322 interrogarem,

207 2345 289 2408 quae
312 2322 464 2406 cuiusque
487 2325 576 2386 aetas
599 2325 696 2406 esset,
726 2343 808 2406 quae
835 2323 991 2388 habitudo
1014 2325 1152 2412 eorporis,

207 2431 289 2496 quae
311 2411 443 2475 fortuna
464 2433 502 2475 ae
524 2409 667 2476 conditio
689 2409 832 2476 vivendi:
861 2411 948 2476 varie
971 2412 1046 2497 illis,
1067 2417 1102 2478 nt
1122 2414 1153 2476 de

206 2519 334 2584 quoque
356 2498 548 2584 interrogati
566 2502 672 2582 erant,
693 2499 963 2583 respondentibus
986 2523 1052 2566 una
1069 2504 1152 2586 atque

206 2587 309 2652 altera
330 2586 410 2652 hora
432 2591 624 2672 oonsumpta
646 2591 704 2653 est.
749 2584 943 2672 Complexus
965 2588 1065 2676 igitur
1090 2591 1152 2654 illos

206 2679 240 2740 et
249 2676 404 2741 abeuntes
418 2675 533 2742 faustis
544 2676 707 2742 ominibus
721 2681 909 2760 prosecutus
923 2677 1039 2744 dimisi.
1061 2679 1152 2745 Inter·

206 2766 313 2830 furerat
333 2765 381 2828 illi
404 2765 545 2830 sermoni
568 2786 606 2830 ao
629 2765 789 2848 oolloquio
812 2769 924 2832 nostro
946 2765 1064 2833 Darius
1087 2767 1153 2832 Ber·

205 2854 341 2938 nardus,
367 2853 491 2918 iuvenis
514 2857 547 2917 et
568 2851 682 2919 festivo
708 2853 841 2938 ingenio
868 2857 902 2918 et
928 2857 1047 2922 sanetis
1067 2857 1152 2941 plane

207 2947 303 3028 atque
325 2941 519 3026 incorruptis
532 2941 689 3028 moribus,
712 2941 768 3027 qui
790 2941 836 3006 eis
855 2941 1023 3028 digressis:
1043 2943 1152 3008 Verum

207 3032 354 3115 omnino,
385 3031 504 3116 inquit,
531 3032 581 3094 est
610 3029 696 3115 quod
723 3029 851 3114 dieitur,
877 3031 914 3094 in
939 3033 1037 3098 nullis
1061 3031 1152 3096 homi-

206 3119 303 3185 nihus
333 3120 397 3184 hoe
425 3123 586 3204 tempore,
620 3121 847 3204 praeterquam
877 3119 914 3184 in
948 3119 1152 3204 transalpinis,

208 3211 393 3292 promptam
417 3212 513 3294 atque
536 3206 718 3291 expeditam
731 3208 864 3290 reperiri
877 3206 993 3274 Latine
1013 3207 1152 3292 loquendi

208 3297 404 3363 facultatem.
439 3295 502 3362 Vel
524 3296 556 3380 ii,
580 3295 635 3381 qui
648 3296 744 3361 modo
765 3295 926 3380 abierunt,
948 3300 985 3362 ut
1004 3317 1152 3381 nusquam

209 3387 244 3452 in
270 3385 431 3472 loquendo
458 3385 606 3469 haerent,
632 3405 792 3468 nusquam
821 3385 977 3470 titubant,
1005 3406 1151 3471 nusquam

284 3559 304 3624 ¹)
323 3557 370 3612 lv.
391 3563 433 3612 40.
