2368 3956
382 231 502 289 CAPUT
520 231 647 291 XXXVI.
930 232 991 297 167

49 383 172 466 malunt,
195 378 385 465 quotidiana
406 375 627 461 experimenta
649 376 822 442 declarant.
866 375 993 443 Incom-

49 471 129 536 mode
154 469 268 554 igitur,
296 485 378 554 quae
403 465 488 530 nivis
515 468 628 550 potum
659 469 854 552 sequuntur,
880 465 994 551 fugere

48 561 198 622 ettamen
222 555 351 620 aestivis
364 554 529 620 mensibus
551 553 705 638 frigidum
728 554 837 619 bibere
860 555 916 640 qui
937 577 993 620 uo·

49 647 120 728 lunt,
140 645 228 710 uasis
251 641 431 728 duplicibus
445 642 495 707 uti
509 641 616 708 solent
629 663 646 707 e
659 642 850 708 tenuissima
871 643 995 708 lamina

49 756 78 798 eo
98 731 230 800 artificio
252 731 362 816 factis,
383 735 421 796 ut
441 731 554 797 vinum
572 735 630 796 aut
648 751 775 817 aquam,
798 751 880 818 quae
902 733 994 816 potui

48 826 174 906 paratur,
189 820 278 886 omni
292 819 422 909 quidem
435 839 475 884 ex
487 823 580 906 parto
593 820 650 886 nix
664 820 799 905 ambiat,
813 819 869 884 sed
883 841 994 885 eorum

48 913 144 974 tamen
169 913 322 975 neutrum
349 908 518 994 contingat
548 929 653 994 neque
680 929 753 974 cum
786 909 832 974 eis
864 909 994 975 commi·

48 1001 169 1064 sceatur.
223 995 276 1063 Ita
297 997 348 1080 fit,
369 1001 408 1061 ut
427 1017 533 1084 neque
555 997 671 1062 bibant
691 996 809 1082 nivem,
831 1000 864 1062 et
885 1001 995 1062 tamen

47 1085 245 1152 nihilominus
258 1083 412 1170 frigidum
424 1085 549 1170 bibant,
564 1105 661 1170 quam
676 1085 704 1151 si
716 1085 866 1151 biberent
878 1087 994 1151 nivem.

47 1173 88 1240 Ea
106 1195 158 1240 me
186 1173 416 1240 consuetudine
442 1177 588 1238 utentem
610 1195 683 1239 oum
711 1173 833 1238 amicus
856 1174 995 1260 quidam,

48 1264 93 1347 qui
117 1259 311 1328 medicinam
336 1259 519 1348 factitabat,
551 1283 611 1346 pro
638 1265 751 1327 nostra
777 1262 995 1328 familiaritate

47 1351 295 1436 reprehenderet,
317 1349 433 1416 Velox
446 1349 621 1434 Macrobio‚
643 1349 762 1436 inquit,
785 1350 813 1415 si
835 1348 918 1415 forte
938 1371 995 1416 no

48 1444 177 1505 utrorum
195 1439 296 1505 libros
309 1439 417 1504 minus
435 1439 622 1525 frequenter
643 1437 778 1522 lectitas,
801 1437 920 1504 discere
938 1460 995 1522 po-

47 1531 136 1614 teras,
158 1527 266 1593 nivem
290 1527 362 1612 quis
375 1546 419 1592 an
432 1549 550 1613 aquom
572 1527 635 1592 isto
654 1525 750 1593 modo
773 1527 996 1612 refrigeratam

48 1615 141 1701 bibat,
163 1615 246 1681 nihil
267 1616 430 1681 interesse.
466 1613 611 1702 Cumque
630 1635 691 1701 ego
713 1615 883 1680 subridens
906 1615 995 1701 quid-

48 1725 135 1788 quam
157 1706 223 1770 tale
246 1703 331 1792 aqud
344 1703 545 1770 Macrobium
558 1703 624 1790 legi
641 1703 841 1790 abnuissem,
862 1703 997 1789 Iubesis‚

48 1793 144 1878 iuquit
170 1793 237 1876 ille,
263 1793 400 1878 proferri
425 1791 553 1858 librum.
602 1789 673 1868 Quo
723 1793 827 1860 rolato
854 1793 901 1858 ita
928 1793 997 1878 qui·

48 1881 112 1946 dem
138 1881 173 1945 in
201 1903 239 1946 eo
266 1881 422 1966 scriptum
447 1877 672 1968 repen'mus1):
699 1813 774 1948 lam
795 1881 925 1960 dudeco,
947 1882 997 1946 in·

48 1972 108 2052 quc
126 1970 279 2049 Auienus,
301 1989 389 2036 nosse
409 1989 495 2048 coeo,
518 1989 677 2054 caroque,
699 1969 997 2054 quueobsitoylotts

48 2060 159 2123 nimum
174 2059 357 2141 perducitur
378 2059 423 2123 ud
442 2058 576 2123 nivalem
588 2060 734 2141 riqurm,
755 2077 819 2124 non
835 2059 941 2124 maus
962 2058 999 2124 in

44 2152 112 2226 potu
133 2149 230 2212 nocio
251 2151 307 2224 est,
328 2165 423 2230 quarn
435 2165 473 2213 aa
484 2147 554 2233 ipso
566 2147 636 2212 nive
657 2166 740 2230 aquo
761 2146 903 2213 resoluto.
935 2143 999 2210 Sed

48 2233 84 2297 ad
102 2233 176 2300 libri
189 2235 369 2319 marginem
384 2233 580 2320 adscriptum
594 2237 664 2299 erat
680 2255 753 2301 mea
770 2255 878 2319 manu,
899 2234 997 2319 parti-

49 2323 145 2388 culam
170 2344 235 2388 non
260 2323 437 2388 redundare
464 2327 497 2388 et
525 2321 692 2390 delendum
714 2323 823 2389 videri.
867 2321 914 2388 At
935 2323 999 2406 ille,

49 2408 124 2494 Isto,
153 2411 272 2497 inquit,
303 2412 399 2476 modo
431 2411 526 2476 facile
556 2411 656 2476 fuerit
686 2413 818 2478 cuilibet
849 2411 1000 2495 scriptori

49 2500 218 2581 quamlibet
240 2500 434 2565 sententiam
457 2499 623 2586 affingere,
646 2499 674 2566 si
696 2522 736 2565 ex
757 2500 929 2585 negatione
952 2499 999 2564 af-

49 2586 256 2654 firmationem
282 2587 386 2652 facere
412 2587 516 2654 liceat
566 2587 650 2656 Tum
678 2608 753 2673 ego,
781 2587 921 2672 Quaem,
949 2588 999 2652 in·

50 2696 152 2760 quam,
174 2675 342 2742 considera
364 2697 475 2742 earum
496 2676 659 2741 rationum
681 2679 859 2759 momenta,
882 2675 999 2760 quibus

51 2763 153 2828 statim
175 2764 369 2832 sententiam
392 2783 484 2830 suam
501 2763 678 2848 confirmat,
701 2767 738 2828 ut
757 2766 867 2848 aperte
889 2762 1000 2828 videas

50 2853 248 2936 negationem
270 2873 340 2917 esse
361 2853 547 2919 tollendam.
583 2852 641 2918 Ait
663 2852 749 2918 enim
763 2873 880 2937 aquam
894 2871 911 2915 e
925 2851 1000 2917 nivo

50 2938 215 3023 liquefacta
239 2962 308 3006 non
335 2942 404 3006 solo
430 2941 552 3026 frigore
579 2952 725 3007 noceret·
742 2940 828 3026 quod
856 2941 883 3006 si
906 2944 1000 3025 esset,

51 3025 161 3094 faterer
181 3030 252 3113 tibi,
274 3050 374 3114 aeque
396 3030 528 3095 noxiam
550 3049 619 3095 esse
634 3051 750 3114 aquam
769 3050 809 3092 ex
829 3028 920 3094 fonte
944 3033 1001 3094 aut

52 3134 88 3266 ἓξ
107 3121 210 3218 puteo,
226 3123 291 3272 ξπ
313 3119 411 3184 etiam
433 3139 514 3270 eam,
537 3139 601 3219 gua
614 3138 675 3220 ego
689 3122 726 3182 ut
749 3118 893 3271 glmaeum
916 3117 1000 3183 salu-

52 3225 243 3376 frigblildiarll:
262 3228 480 3376 bledalllisadnirlJ
494 3227 999 3362 illdasllibdlbbbmminusnibbobi-

53 3381 183 3449 modum.
229 3381 311 3450 Cum
334 3383 420 3448 enim
442 3383 559 3449 humor
580 3383 614 3449 vi
634 3383 766 3470 frigoris
790 3384 941 3450 densetur
963 3404 1004 3449 ac

118 3571 137 3641 ²)
156 3573 266 3630 Saturu.
284 3575 344 3630 Vll.
365 3581 406 3630 12.
