2368 3956
406 148 526 206 CAPUT
544 148 641 206 Lvffl.
938 151 1000 216 199

52 317 110 360 non
132 295 212 360 satis
235 295 351 379 dignos
374 313 444 360 esse
467 293 653 378 arbitrarer,
681 315 817 380 quorum
847 297 1002 381 exemplo,

52 385 101 469 qui
120 381 235 449 Latine
265 386 322 447 aut
349 382 487 448 scribere
514 385 572 448 aut
593 383 682 468 loqui
703 385 835 469 vellent,
862 385 1002 450 niteren-

51 477 105 537 tur.
148 470 212 537 sed
238 473 365 556 postea,
390 491 425 536 re
451 474 522 538 tota
543 490 670 537 mecum
690 468 875 558 :accuratius
899 474 1002 538 oonsi-

52 561 167 645 derata,
189 561 278 625 visus
291 559 355 645 ipsi
373 559 454 625 mihi
477 581 550 626 sum
567 561 668 626 nimio
682 561 755 645 plus
773 561 854 627 mihi
868 583 1002 646 sumere,

52 649 100 732 qui
121 648 159 713 de
183 645 318 734 Seneca,
345 647 451 734 Livio,
473 647 618 734 Valerio,
641 647 748 735 Celso,
776 649 1003 735 Quinctiliano,

51 735 229 822 Columella,
243 741 380 824 utroque
393 736 509 823 Plinio,
523 737 635 804 Tacito
650 736 813 818 Suetonio,
822 738 956 824 Velleio,
966 738 1003 814 Q.
1124 790 1129 797 .

51 823 163 910 Curtio,
176 824 356 911 Lactantio,
370 823 505 912 aliisque
519 827 676 894 eiusmodi
690 827 908 912 scriptoribus,
922 849 1003 912 quos

50 917 79 978 et
108 914 149 978 ab
180 914 221 980 iis
249 915 329 998 ipsis
355 915 570 1000 temporibus,
603 915 718 1002 quibus
745 915 862 982 Latina
890 916 1004 1001 lingua

50 1001 188 1068 floruisse
211 1003 377 1088 diceretur,
403 1004 536 1089 propius
559 1003 679 1069 afuisse
702 1007 735 1068 et
762 1026 820 1070 suo
844 1025 1002 1090 quemque

51 1092 170 1156 saeculo
193 1089 421 1158 disertissimos
443 1091 573 1158 habitos
591 1113 661 1158 esse
684 1095 861 1179 constaret,
883 1096 1003 1158 temero

50 1180 256 1262 pronunciare
279 1181 439 1248 auderem.
484 1179 578 1247 Certe
597 1181 684 1248 enim
704 1202 810 1268 neque
833 1181 1004 1268 quisquam

51 1289 186 1353 unquam
199 1271 344 1334 veterum
367 1291 422 1335 eos
436 1269 520 1334 male
534 1267 650 1334 Latine
671 1271 797 1336 locutos
815 1291 885 1336 esse
908 1271 1002 1335 dixit:

51 1377 146 1442 neque
172 1378 247 1442 nos,
273 1360 342 1422 tam
369 1359 468 1443 longo
494 1357 678 1443 intervallo,
710 1359 802 1424 valde
829 1359 909 1424 boni
935 1360 1003 1424 eius
1101 1363 1105 1368 “

51 1445 91 1508 rei
112 1445 348 1512 existimatores
372 1467 492 1512 sumus.
536 1444 583 1511 At
604 1447 707 1514 multa
729 1447 888 1532 simplicia
909 1467 1003 1512 voca·

51 1533 132 1618 bula,
154 1535 258 1600 multa
280 1535 379 1600 etiam
400 1534 552 1620 loquendi
574 1555 694 1620 genera
715 1535 750 1601 in
773 1557 884 1602 eorum
911 1535 1002 1600 libris

51 1621 207 1707 leguntur,
240 1644 321 1710 quae
354 1623 439 1708 apud
467 1621 655 1690 Ciceronem
686 1627 719 1690 et
750 1625 818 1690 eius
853 1625 1002 1709 aequales

51 1731 203 1796 nusquam
241 1711 391 1796 reperias.
453 1709 600 1777 Primum
636 1711 708 1798 quis
739 1712 802 1778 hoo
838 1716 1002 1797 praestare

53 1799 182 1864 audeat?
219 1797 382 1866 Ciceronis
405 1802 599 1886 scriptorum
612 1801 675 1866 *vix
696 1801 856 1868 decimam
876 1805 1003 1886 partem

52 1887 200 1973 reliquam
221 1888 391 1973 habemus,
414 1909 548 1974 eamque
561 1889 672 1955 multis
694 1890 840 1974 partibus
854 1908 1003 1954 mancam

52 1996 84 2040 ao
108 1977 269 2061 mutilam,
296 1977 407 2042 multis
433 1978 633 2062 vulneribus,
660 1979 771 2044 multis
799 1976 1001 2043 cicatricibus

52 2062 270 2131 deformatam:
294 2063 440 2132 Sallustii
452 2066 507 2131 vix
520 2067 741 2150 centesimam,
754 2063 912 2131 Varronis
930 2069 1001 2129 tan·

51 2152 189 2238 tundam,
217 2152 351 2220 Catonis
379 2175 396 2218 e
423 2157 493 2220 tam
518 2155 629 2220 multis
656 2153 875 2221 voluminibus
900 2174 1002 2218 unum
1063 2169 1068 2178 ·

53 2240 86 2305 de
107 2262 140 2306 ro
166 2242 288 2308 rustica
314 2242 628 2308 commentariolum:
655 2246 707 2308 tot
727 2241 1002 2327 philosophorum,

52 2332 97 2394 tot
116 2333 281 2398 oratorum
301 2334 459 2416 veterum,
485 2333 537 2397 tot
558 2335 740 2416 politanum,
762 2333 813 2397 tot
834 2330 1002 2396 historico·

52 2439 128 2502 rum,
149 2423 201 2485 tot
226 2419 527 2499 iurisconsultorum
553 2421 674 2506 scripta
694 2421 873 2504 perierunt,
903 2421 937 2483 et
963 2439 1003 2483 ex

52 2505 109 2571 illis
138 2507 251 2574 fractis
283 2529 321 2574 ac
351 2509 478 2592 laceris,
510 2529 592 2594 quae
619 2509 661 2574 ad
687 2529 748 2574 nos
779 2509 1002 2593 pervenerunt,

51 2591 184 2661 Romani
213 2597 372 2662 sermonis
398 2596 543 2682 reliquiis
574 2595 743 2664 adfirmare
776 2597 944 2679 audemus,
974 2596 1002 2659 si

53 2683 121 2766 quid
140 2685 177 2750 in
199 2685 246 2751 eis
267 2706 336 2751 non
356 2685 549 2770 reperiatur,
575 2685 609 2750 id
631 2686 717 2770 apud
738 2687 861 2751 veteres
884 2684 919 2747 in
941 2705 1002 2747 usu

52 2791 111 2836 non
131 2771 254 2839 fuisse?
291 2772 417 2850 Quanto
439 2773 623 2840 credibilius
645 2778 708 2859 est,
730 2794 815 2838 nova
828 2772 932 2836 multa
954 2774 1001 2836 at

53 2880 106 2942 que
127 2861 284 2928 inusitata
304 2862 399 2928 nobis
421 2861 536 2947 videri,
563 2882 645 2947 quas
667 2863 697 2929 si
719 2882 830 2927 eorum
851 2860 927 2925 libri
949 2879 1000 2924 ex-

53 2950 181 3035 starent,
206 2951 242 3015 in
274 2950 534 3036 frequentissimo
566 2971 628 3016 usu
657 2950 765 3035 posita
795 2949 894 3014 firisse
926 2969 1001 3013 oon·

53 3038 166 3103 staret?
207 3038 261 3104 Illi
288 3042 410 3124 autem,
437 3061 519 3126 quoe
547 3039 644 3105 stulte
661 3041 705 3104 ct
731 3039 933 3122 arroganter,
965 3038 1003 3102 ut

52 3125 149 3205 minus
172 3128 337 3213 eleganter
357 3129 492 3214 locutos,
514 3128 674 3213 despicere
688 3126 851 3210 audemus,
874 3145 947 3190 oum
970 3129 1003 3190 et

52 3210 255 3282 bibliothecas
276 3217 433 3282 haberent
454 3217 543 3282 omni
565 3237 682 3302 genere
704 3215 860 3280 librorum
882 3214 1001 3278 instru-

53 3301 216 3389 ctissimas,
249 3308 282 3369 et
312 3326 367 3372 aas
403 3305 648 3390 diligentissime
683 3303 937 3388 persolutorem,
969 3302 1003 3366 et

53 3393 200 3460 acerrimo
233 3393 350 3460 iudicio
377 3394 516 3479 praediti
538 3396 660 3459 essent:
693 3392 764 3477 quir
792 3391 866 3472 soit,
893 3411 936 3454 an
963 3409 1001 3452 ea

53 3475 175 3561 ipsoex
196 3483 425 3549 vetustioribus
439 3481 643 3568 sumpserint,
665 3501 747 3567 quae
764 3479 885 3544 frustra
906 3475 1000 3542 nobis
