2360 3944
183 225 224 288 70
547 220 684 278 ORATIO
702 220 763 276 VH.

180 369 339 434 videatur:
376 369 421 432 sic
462 388 537 452 ego,
577 367 606 431 si
641 388 679 431 ea
714 387 767 430 me
803 364 1001 430 traditurum
1036 363 1127 428 dicere

182 459 297 541 ausim,
321 457 436 540 quibus
460 457 646 539 eloquentes
669 454 740 519 fieri
761 453 903 537 possint,
932 452 1048 517 merito
1068 453 1127 516 irri-

182 545 271 630 dear,
289 567 363 610 cum
380 545 443 630 ipsi
460 545 541 608 mihi
559 565 670 609 eorum
687 543 863 626 perexigua
881 563 959 626 pars
978 545 1129 626 suppetet

182 635 233 698 sin
255 634 289 698 id
311 636 440 700 tentum
463 633 579 716 dicam,
602 653 697 716 posse
715 652 767 696 me
786 631 840 715 iis,
863 631 920 714 qui
938 627 1129 714 eloquentiae

183 723 290 787 studio
312 725 478 806 tenantur,
500 722 580 805 vias,
603 741 685 804 quae
708 720 750 784 ad
771 721 862 784 illam
884 719 1008 802 ferant,
1036 722 1129 784 osten·

183 809 272 895 dere,
295 816 328 875 et
350 811 391 876 ad
413 811 446 874 id
469 809 555 894 quod
578 809 772 874 adamarunt
799 809 1064 891 consequendum
1084 809 1130 872 ali-

182 899 260 982 quid
280 899 350 984 opis
370 899 497 982 afferre,
519 920 665 983 caussae,
687 901 725 962 ut
748 897 878 982 opinor,
900 897 984 961 nihil
1009 897 1064 980 sit,
1085 918 1132 960 cur

182 1009 233 1051 me
257 989 426 1072 quisquam
448 991 504 1050 ant
526 987 662 1052 nimium
683 985 764 1051 mihi
786 986 956 1050 adsumere
979 988 1075 1070 atque
1091 1007 1130 1048 ar-

182 1097 298 1160 rogare
326 1075 411 1140 dicat
438 1077 495 1140 aut
522 1096 560 1140 ea
586 1075 744 1160 polliceri,
771 1095 853 1158 quae
881 1077 1049 1159 praestare
1074 1095 1131 1138 non

182 1184 313 1247 possrm.

249 1251 360 1318 Nolite
383 1256 504 1338 autem,
526 1251 701 1338 auditores,
724 1252 920 1337 existimare,
943 1273 997 1318 me
1011 1253 1131 1337 vulgare

184 1339 305 1424 aliquid
336 1341 428 1408 vobis
456 1345 489 1408 et
519 1343 555 1407 in
581 1341 686 1406 medio
713 1341 857 1426 positum
883 1341 1046 1426 polliceri,
1071 1362 1132 1405 eun

50 1496 54 1504 ,
183 1430 338 1513 polliceor
364 1453 415 1498 me
443 1431 535 1498 vohis
561 1430 686 1494 itineris
714 1430 828 1495 ducem
855 1430 897 1494 ad
925 1430 1133 1514 eloquentiam

183 1517 267 1601 fore,
289 1541 393 1603 neque
415 1520 463 1584 ita
485 1519 686 1604 eloquentiae
708 1539 830 1584 nomen
848 1519 999 1603 accipite,
1022 1522 1060 1583 ut
1076 1519 1132 1582 vul·

185 1626 227 1690 go
251 1608 354 1690 accipi
377 1609 551 1674 consuevit.
587 1607 693 1673 Hodie
721 1608 808 1672 enim
835 1611 873 1672 ut
900 1608 973 1691 quis
997 1607 1132 1692 vulgaria

184 1693 351 1760 rhetorum
369 1699 540 1780 praecepta
561 1699 725 1779 utcunque
748 1695 860 1760 didicit
878 1699 911 1760 et
929 1696 965 1760 in
979 1693 1133 1762 Ciceronis

185 1782 313 1866 scriptis
335 1786 464 1848 tanturn
486 1783 595 1868 posuit
622 1805 751 1867 operae,
778 1788 828 1869 ut,
856 1784 1003 1850 adhibito
1028 1783 1134 1850 Nizolii

49 1905 51 1910 ·
184 1870 282 1957 libro,
300 1872 403 1956 possit
421 1873 600 1938 orationem
618 1876 675 1936 aut
693 1873 864 1956 epistolam
882 1873 1038 1959 scribere,
1056 1873 1133 1937 cuius

174 1962 256 2026 'tum
284 1963 430 2048 singulae
456 1983 564 2046 voces,
595 1965 666 2027 tum
698 1962 769 2046 ipsa
796 1963 895 2026 etiam
922 1965 1084 2028 structura
1108 1963 1135 2024 et

186 2051 355 2118 collocatio
379 2049 567 2118 Ciceronem
589 2052 688 2136 oleat,
710 2051 859 2134 protinus
882 2071 1004 2138 magno
1034 2071 1135 2116 eorun

187 2157 359 2223 consensu,
391 2140 446 2222 qui
473 2141 555 2204 nihil
582 2139 678 2204 altius
706 2141 762 2204 aut
790 2139 959 2217 sublimius
989 2140 1135 2225 cogitant,

187 2228 367 2309 eloquentis
393 2248 514 2292 nomen
545 2227 687 2292 assumit.
727 2227 842 2311 Itaque
870 2228 897 2292 si
925 2228 965 2292 de
992 2227 1136 2312 quopiam

186 2315 324 2378 istorum
354 2319 574 2398 percunctere,
605 2337 685 2381 num
710 2312 895 2402 Platonem,
925 2315 1136 2398 Aristotelem,

188 2403 448 2487 Theophrastum
474 2404 602 2490 legerit,
634 2404 770 2488 denique
797 2427 877 2470 num
904 2405 1136 2491 philosophiam

136 2501 139 2510 ’
188 2492 346 2576 attigerit,
366 2492 512 2577 negabit:
532 2514 565 2558 se
585 2493 684 2579 enirn,
702 2493 813 2559 relicto
833 2493 905 2572 aliis
918 2493 1136 2579 philosophiae

188 2581 309 2664 studio,
331 2581 533 2664 eloquentiae
556 2583 659 2666 gloria
682 2585 871 2648 contentum
893 2582 1002 2648 fuisse.
1040 2579 1136 2658 Quid?

187 2669 403 2754 Herodotum,
426 2669 657 2756 Thucydidem,
679 2669 932 2756 Xenophontem
954 2693 1053 2756 quam
1075 2669 1137 2733 dili-

187 2762 302 2845 genter
325 2759 529 2844 studioseque
552 2760 748 2826 versaverit?
785 2759 918 2845 Aliquid
945 2782 980 2826 se
1005 2761 1137 2826 fortasse

188 2869 228 2913 ex
264 2848 309 2912 eis
345 2849 463 2914 libasse
500 2849 596 2934 dicet,
633 2849 689 2915 sed
723 2853 952 2935 properantem
988 2853 1022 2914 et
1057 2845 1138 2913 aliud

180 2941 340 3024 ¹agentem
376 2941 409 3004 et
444 2939 500 3022 qui
535 2961 634 3005 unam
669 2939 765 3004 modo
803 2940 964 3022 spectaret
993 2939 1138 3022 eloquen-

184 3028 276 3094 tiam.
313 3025 407 3093 Certe
434 3027 535 3112 igitur
561 3027 752 3112 Homerum,
781 3049 876 3111 quem
902 3031 940 3092 ut
966 3029 1139 3092 ceterarum

185 3116 403 3200 ingenuarum
435 3117 567 3203 artium,
597 3118 644 3184 ita
671 3117 873 3201 eloquentiae
901 3117 993 3200 quasi
1018 3115 1139 3182 fontem

190 3203 350 3286 quendam
386 3227 455 3270 esse
492 3206 617 3291 dicunt,
652 3203 857 3291 Sophoclem,
890 3204 1093 3290 Euripidem,
1122 3222 1140 3264 a

190 3313 253 3376 quo
283 3293 403 3377 optime
431 3293 474 3356 ali
505 3294 722 3378 eloquentiam
750 3295 813 3379 ipsi
845 3295 1045 3377 eloquentiae
1077 3312 1139 3355 ma·

189 3380 283 3467 gistri
305 3380 533 3466 prodiderunt,
556 3386 679 3449 ceteros
703 3383 839 3468 denique
862 3381 1001 3449 Graecos
1029 3383 1060 3447 et
1082 3379 1139 3444 La·

188 3471 276 3542 tinus
303 3473 416 3554 politas
444 3473 592 3537 accurate
618 3473 840 3556 pervolutasti.
875 3471 977 3548 Quem
998 3475 1034 3536 tu
1054 3467 1139 3549 mihi,

185 3559 308 3644 inquit,
339 3557 532 3644 Homerum,
563 3581 659 3644 quem
691 3557 897 3645 Sophoclem,
929 3581 1009 3645 quas
1038 3575 1139 3644 nugas
