2368 3956
20 247 52 268 f
190 176 253 242 188
566 173 651 228 vus.
669 171 772 228 cuer.

187 320 331 407 quseso?
352 321 495 407 inquam.
539 317 748 400 Phoenicem,
775 317 883 400 inquit
904 317 970 382 ille.
1008 314 1137 384 Obsecro

186 415 234 494 te,
261 411 359 474 etiam
387 408 577 492 phoenicem
599 407 647 472 illi
676 406 861 471 esitabent?
905 403 1015 488 Certe,
1035 406 1137 490 inquit.

187 499 301 584 Neque
327 498 435 580 multi,
461 497 609 581 inquam,
635 515 741 580 neque
770 513 867 580 seepe
897 493 933 558 id
960 495 1065 560 facere
1089 517 1138 579 po·

188 591 305 652 terent
356 587 460 650 Aiunt
485 586 573 650 enim
595 605 668 649 eam
694 604 787 647 avem
813 583 944 648 unicum
975 587 1046 649 toto
1072 585 1139 649 orbe

187 675 334 760 reperiri,
361 680 395 740 et
420 675 526 740 virere
553 695 673 756 annos,
704 672 832 756 opinor,
864 675 1035 738 sexcentos
1061 694 1139 738 sess·

189 765 294 850 ginta,
320 765 449 828 etcum
472 763 544 846 ipss
571 762 634 826 sibi
655 781 771 846 rogum
796 761 1016 826 construxerit
1040 761 1141 826 funus-

190 873 251 939 que
272 851 398 935 iecerit,
429 855 500 918 tum
521 850 636 916 eodem
657 849 714 913 illo
737 870 777 912 ex
803 867 885 934 ro'go
906 850 1044 914 renasci
1085 849 1141 916 Sed

189 961 250 1025 ego
273 941 429 1041 figmento
451 961 521 1004 esse
534 939 590 1003 ills
611 940 784 1039 podtcrum
804 937 972 1038 pntcbnm.
1004 937 1141 1040 Tuyero,

190 1049 304 1181 tlh
325 1028 412 1180 {il
413 1029 462 1179 ¹35
478 1025 1039 1200 tlt-³..ttttrt1302uhtff
1032 1049 1141 1180 su

189 1204 317 1289 galonis
339 1204 440 1286 illius,
463 1203 519 1288 qui
540 1203 627 1268 tenti
648 1202 813 1288 putaverit
833 1203 946 1286 palato
966 1203 1140 1289 gratificari,

188 1297 227 1358 ut
256 1296 326 1358 tem
357 1291 525 1377 pulchram
556 1309 650 1358 ovem
684 1291 720 1359 in
750 1295 946 1376 perpetuum
978 1293 1139 1356 sustulerit.

189 1379 284 1448 Certe
307 1382 407 1464 enim,
430 1400 503 1446 cum
524 1381 622 1446 unica
642 1383 714 1446 toto
738 1379 815 1446 orbe
834 1380 878 1445 sit
903 1397 1010 1466 neque
1027 1381 1089 1446 nisi
1108 1403 1139 1445 ex

190 1492 224 1535 se
251 1474 451 1554 renascatur,
477 1469 648 1534 interfecte
673 1489 740 1533 unc
763 1471 873 1534 totum
900 1489 1004 1554 genus
1034 1471 1138 1534 exstin-

191 1563 281 1623 ctum
303 1562 361 1622 est.
397 1557 507 1643 Atque
529 1575 568 1622 ec
589 1557 738 1622 fortassis
756 1578 872 1622 eeusss
884 1561 943 1636 est,
963 1578 1024 1622 cur
1040 1560 1139 1622 nullus

188 1647 380 1730 iampridem
406 1646 548 1730 phoenix
580 1645 768 1730 reperiatur.
812 1644 913 1710 Ludis
944 1649 983 1710 tu
1014 1647 1139 1732 quidem,

190 1733 302 1888 {lilii
323 1735 399 1887 pu,
419 1733 1138 1907 ihhfflsirllitidhhldnilill
1171 1815 1172 1818 ψ

189 1910 301 1976 tudine
332 1911 466 1996 tuenda,
498 1911 663 1976 didicisses
683 1933 725 1976 er
748 1933 801 1996 eo,
826 1911 922 1976 istius
945 1913 1028 1996 evis,
1054 1935 1136 1998 quem

188 2003 227 2062 tu
247 2000 371 2064 nullam
393 2021 463 2064 csse
485 2003 595 2083 putus,
616 2000 784 2065 cerebrum
805 1999 898 2064 dulce
920 2001 1051 2084 quidem
1071 2023 1137 2082 esse,

190 2087 247 2151 sed
260 2087 402 2152 dolorem
415 2089 531 2172 cepitis
544 2089 711 2154 inducere:
734 2088 820 2174 quod
833 2092 902 2154 tom
919 2089 1028 2174 gravis
1040 2093 1137 2154 suctu

188 2195 357 2259 nunquam
377 2177 587 2260 prodidisset,
608 2177 674 2242 nisi
692 2177 808 2242 saltem
826 2178 867 2241 ab
889 2177 944 2262 iis,
966 2178 1024 2263 qui
1036 2178 1069 2242 id
1089 2199 1135 2263 gu·

191 2265 341 2347 stcssent,
363 2265 525 2329 audiisset.
561 2265 654 2330 Istud
667 2287 753 2350 vero,
774 2267 917 2350 inquom,
933 2267 1040 2352 magis
1053 2268 1136 2332 etiam

189 2349 307 2414 mirum
338 2350 452 2434 fuerit,
488 2354 545 2438 qui
577 2355 677 2419 semel
708 2376 782 2420 eum
817 2355 925 2420 eibum
955 2360 1137 2441 gustassent,

188 2454 294 2534 neque
322 2437 409 2501 enim
436 2445 570 2523 pohiers
598 2443 744 2530 saepius,
770 2447 840 2508 tom
862 2445 928 2509 cito
954 2448 989 2509 et
1014 2449 1081 2510 tem
1100 2445 1136 2508 di·

189 2525 307 2620 stincte
328 2528 482 2591 neturem
504 2529 591 2595 illius
614 2533 778 2616 percipere
801 2533 954 2616 potuisse.
989 2531 1075 2599 Nem
1087 2552 1136 2617 ego
1167 2565 1168 2574 .

188 2611 236 2672 stc
258 2631 298 2674 ex
310 2610 485 2680 Aristotele
494 2614 520 2703 ¹)
544 2619 734 2703 didiceram,
756 2620 943 2686 ememoric
963 2621 1043 2706 eins,
1065 2621 1136 2707 quod

189 2717 285 2795 seepe
308 2700 421 2766 eodem
435 2706 532 2771 modo
548 2709 750 2794 contigisset,
774 2709 1017 2794 experientium,
1040 2710 1136 2776 emul

188 2785 232 2882 trs
255 2790 364 2850 eutem
387 2825 430 2835 —
454 2794 608 2872 sciohoc
620 2796 773 2864 Latinum
794 2819 862 2863 uon
882 2818 962 2881 esse,
984 2798 1041 2862 sed
1063 2799 1134 2862 dabi-

188 2871 231 2966 l¹⁸
264 2874 391 2972 reniam
414 2913 464 2976 s·-
492 2885 699 2969 experientiis
729 2890 831 2952 artem
860 2885 954 2952 effici.
1004 2886 1053 2954 De
1077 2886 1135 2968 isto,

187 2961 308 3040 mqu1t,
330 2964 367 3024 tu
390 2963 524 3035 vrderis:
547 2974 629 3038 mihi
651 2976 731 3040 sctis
754 2975 828 3059 erit,
856 2975 884 3040 si
905 2974 966 3040 tibi
988 2973 1133 3040 Plutarchi

187 3037 296 3134 locum
319 3051 502 3123 ostendero.
549 3060 714 3149 Simulque
737 3064 855 3129 librum
874 3085 892 3128 e
914 3064 988 3128 sinu
1009 3063 1133 3149 protulit

186 3142 223 3184 m
247 3148 310 3226 quo
334 3153 407 3199 cum
441 3143 516 3212 aliis
541 3152 734 3237 quibusdam
756 3155 849 3217 erent
867 3155 900 3216 et
925 3146 1053 3235 ὑγιεινὰ
1073 3149 1131 3215 Plu·

133 3307 137 3313 ,
185 3209 305 3304 ,Μῶν
326 3215 483 3315 Brenno,
515 3243 555 3304 ut
580 3245 673 3326 puto,
699 3243 887 3325 interprete:
918 3261 1037 3305 nomen
1063 3239 1132 3304 enin

183 3295 234 3356 ¹¹²⁸
257 3297 398 3369 deletum
427 3324 520 3408 eret,
547 3333 586 3394 ut
608 3333 718 3395 temen
741 3349 780 3395 ex
802 3329 951 3394 ductibus
973 3330 1131 3395 littereuin

261 3484 280 3549 ¹)
297 3485 412 3560 Analyt·
432 3510 542 3568 poster.
562 3519 597 3574 Π,
618 3527 658 3587 19,
678 3525 703 3574 ὓ.
