2328 3956
174 163 217 228 64
530 163 712 218 EPISTOLA
729 164 775 218 LI.

173 309 462 462 poeldreprehensio
489 309 648 374 cautiores
675 310 904 461 indjpopteffm
929 308 1118 460 fahpturaEsit.

174 419 765 570 sadprimgllidilpiirnldrlddtdiisnelmffldsse
788 419 924 550 1130111111
947 419 1120 569 qdimhorids

174 575 377 658 iampridem
400 574 533 640 summis
556 575 643 639 illius
656 574 830 640 virtutibus
845 574 1031 639 debebatur.
1066 572 1120 637 Ne-

175 685 236 747 que
259 663 290 727 ci
312 666 441 728 tentum
455 665 636 748 gratulatus
659 685 740 747 sum,
763 662 819 728 sed
832 662 894 727 tibi
908 684 1046 748 quoque,
1059 683 1121 726 eum

175 751 345 836 epistolam
377 773 415 816 ea
445 753 483 817 de
515 774 549 816 re
579 755 672 816 tuam
703 751 744 816 ad
775 751 931 816 Ioannem
959 751 1121 816 Moronun

176 839 381 906 Cardinalem
408 841 487 926 legi:
520 863 601 926 quae
628 841 708 904 mihi
735 841 782 904 ita
814 841 944 925 elegans
978 840 1049 905 visa
1075 845 1122 918 est,
1155 855 1156 874 ¹

176 951 280 1014 neque
308 929 371 994 hoc
402 933 543 1013 tantum,
576 929 632 994 sed
659 931 706 994 ita
732 930 874 1016 graviter
905 950 943 993 10
972 929 1122 1013 sapienter
1155 947 1156 986 1

176 1019 308 1100 scripta,
335 1018 459 1082 utiam
481 1021 551 1082 turn
575 1018 734 1102 coeperim
763 1019 898 1083 eundern
920 1017 983 1081 tihi
1007 1039 1123 1102 quoque
1155 1038 1156 1075 1

175 1105 343 1190 dignitatis
357 1107 493 1190 gradum
516 1107 676 1192 augurari.
711 1105 808 1171 Mitto
833 1107 874 1171 ad
895 1109 929 1171 te
953 1107 1124 1171 orationem

175 1216 278 1278 nuper
300 1193 353 1258 hic
375 1193 521 1259 habitam
544 1193 674 1260 aPetro
688 1194 819 1282 Magne,
841 1198 879 1260 ut
891 1217 1047 1260 versuum
1059 1195 1124 1258 levi-
1155 1215 1156 1256 l

175 1285 226 1346 tas
249 1282 404 1348 orationis
427 1283 584 1368 gravitate
597 1287 759 1370 pensetur.
795 1283 884 1350 Bene
898 1283 978 1368 vale,
1002 1282 1124 1348 Sacrate
1155 1307 1156 1344 1

175 1371 220 1435 mi
253 1371 386 1456 optime,
419 1373 646 1458 eruditissime,
678 1373 883 1458 amicissime,
916 1377 948 1438 et
974 1395 1030 1438 me
1054 1394 1126 1438 amc.
1155 1393 1156 1435 1

177 1459 310 1526 Romae.
333 1479 380 1527 111.
403 1459 488 1528 Non.
511 1461 600 1528 Julii.
622 1479 778 1528 nnnxxn.
1155 1485 1156 1490 ¹

573 1638 731 1648 -ο--ι-ι

604 1799 615 1810 ·’
628 1777 680 1843 LI.

365 1905 413 1977 M.
441 1904 683 1978 ANTONIUS
711 1903 936 1980 MURETUS

304 2039 506 2097 casseaco
524 2040 660 2096 ΒΕΝΤΙΟ
682 2039 892 2098 SOOIETATIS
916 2039 999 2096 IESU

600 2149 622 2190 S.
636 2149 659 2189 P.
676 2149 703 2190 D.

242 2254 406 2341 Utraeque
428 2257 555 2322 litterae
578 2260 653 2320 tuae
667 2255 747 2320 mihi
761 2256 964 2341 gratissimae
986 2256 1127 2322 fuerunt:

177 2343 238 2408 hae
260 2345 454 2428 posteriores
478 2367 516 2411 eo
531 2345 628 2410 etiam
648 2344 814 2429 gratiores,
838 2346 923 2431 quod
946 2345 1129 2411 subdubita-

177 2433 260 2515 bam,
283 2453 325 2496 ne
349 2455 443 2518 aegre
466 2434 609 2518 tulisses,
632 2433 714 2497 nihil
737 2455 758 2498 a
779 2455 831 2498 me
854 2435 895 2498 ad
917 2435 990 2499 illas
1014 2432 1129 2499 Senen-

179 2542 229 2584 ses
251 2543 443 2606 responsum
467 2544 550 2608 esse,
577 2521 639 2587 etsi
661 2521 793 2587 videbar
820 2523 898 2587 satis
920 2523 1130 2607 respondisse,

178 2630 251 2674 cum
274 2631 355 2694 quae
378 2611 524 2696 petebas,
548 2611 589 2676 ad
610 2614 643 2675 te
666 2611 825 2676 miseram.
869 2610 951 2676 Mihi
979 2612 1065 2676 enim
1086 2612 1130 2674 ri-

177 2699 271 2764 detur
293 2699 407 2764 melius
434 2701 559 2785 petenti
586 2700 795 2784 respondere,
823 2700 877 2783 qui
904 2700 1033 2764 silentio
1055 2700 1130 2764 facit

180 2789 265 2873 quod
287 2792 429 2872 rogatur,
453 2811 551 2872 quam
565 2789 620 2874 qui
638 2789 810 2854 verborum
832 2787 956 2852 affatim
977 2789 1131 2873 rependit,

177 2876 224 2940 rei
238 2877 329 2942 nihil.
366 2875 498 2942 Gaudeo
512 2880 545 2940 te
559 2875 727 2942 Perusiam
740 2877 875 2961 10111100,
889 2877 975 2942 unde
991 2874 1130 2964 (opinor)

179 2967 322 3032 crebrius
345 2988 365 3030 1
386 2969 419 3030 te
442 2965 568 3032 litteras
591 2967 775 3050 exspectare
794 2969 917 3050 potero.
953 2964 1056 3051 Cupio
1078 2989 1132 3029 au-

178 3056 245 3118 tem
269 3056 357 3140 scire,
382 3077 477 3140 quem
490 3054 695 3139 potissimum
709 3054 897 3139 scriptorem
911 3054 1132 3138 explicandum

180 3145 366 3227 susceperis.
401 3143 497 3227 Nam,
521 3144 549 3208 si
562 3143 644 3208 nihil
658 3142 754 3228 aliud,
777 3164 930 3221 exacuam
942 3143 1132 3208 industriam

179 3233 279 3312 tuam,
300 3234 396 3315 teque
420 3231 567 3297 fortassis
590 3231 631 3296 ad
652 3231 742 3297 locos
762 3232 918 3317 quosdam
941 3232 1132 3318 diligentius,

181 3339 277 3400 quam
309 3319 349 3382 ab
382 3318 453 3382 aliis
486 3319 603 3404 solent,
632 3320 819 3385 tractandos
846 3321 1002 3386 excitabo.
1053 3320 1131 3387 Cave

181 3405 267 3468 enim
293 3406 402 3487 putes,
429 3405 603 3488 quidquam
633 3406 713 3470 mihi
740 3407 881 3474 accidere
907 3430 1004 3493 posse
1026 3410 1133 3474 iucun-

181 3491 265 3576 dius,
298 3513 395 3576 quam
431 3491 537 3556 videre
570 3496 602 3556 te
638 3489 835 3578 τηλύγετον,
872 3500 909 3561 ut
944 3497 992 3562 ita
1024 3498 1133 3578 dicam,
