2360 3944
410 140 543 196 ouuuro
561 143 608 196 111.
944 145 984 208 31

50 283 225 367 elegantiam
261 284 455 368 philosopho
492 285 622 350 minime
659 287 872 352 neeessariam
908 309 986 354 esse.

52 371 169 446 Quidam
200 371 299 436 etiam
330 373 515 438 indecoram
546 394 614 438 esse
644 375 852 440 contendunt.
904 374 987 441 Sunt

51 461 105 542 qui,
130 481 200 524 cum
224 481 296 524 eam
318 482 386 526 non
407 461 591 527 indecoram
616 483 684 527 esse
712 463 890 546 fateantur,
917 464 987 528 fieri

49 553 142 610 lunen
163 545 324 634 negant*)
341 570 450 634 posse,
472 553 510 614 ut
529 571 612 614 unus
631 551 778 635 idemque
796 552 832 616 in
849 556 986 636 utroque

48 637 179 720 excellat,
201 641 235 701 et
251 639 323 701 tum
341 659 449 704 rerum
467 638 601 702 seientia
618 639 752 724 polleat,
771 642 842 704 tum
861 640 987 705 dicendi

47 723 166 788 facultat
119 728 184 788 tate
211 729 368 827 praestet:
395 725 576 810 idcircoque
598 728 685 792 nolle
709 749 743 792 se
765 727 802 791 in
824 729 986 811 sequendo

48 833 77 876 eo
80 813 188 896 ,quod
207 814 336 914 assequi
353 835 520 898 nunquam
537 815 678 899 possint,
697 836 829 898 operam
846 817 978 899 perdere

101 898 179 964 Cum
201 902 315 986 primis
337 902 401 966 illis
419 925 487 967 ιιοιι
507 904 645 968 ιιιιιΙιοιιι
667 903 760 968 nobis
783 905 908 1005 negotii
930 909 979 969 est

47 987 118 1054 Nam
139 1011 179 1052 ne
207 1011 269 1055 nos
292 991 420 1074 quidem
444 990 578 1056 dicimus
604 993 651 1056 ita
677 993 891 1056 necessariam
919 1014 987 1058 esse

47 1077 226 1161 philosopho
260 1078 489 1164 eloquentiam,
520 1083 570 1164 ut,
600 1101 637 1144 ea
665 1081 692 1144 si
720 1083 841 1164 careat,
868 1102 988 1146 nomen

47 1187 127 1228 suum
151 1167 236 1230 tueri
264 1187 302 1230 ac
328 1167 465 1232 retinere
492 1189 561 1233 non
586 1168 698 1252 possit.
675 1167 815 1233 tSed
841 1169 987 1252 profecto

48 1253 161 1318 sordida
178 1254 348 1320 hominum
365 1257 524 1340 planeque
542 1257 659 1322 misera
676 1257 744 1321 rita
762 1257 817 1340 sit,
835 1257 863 1321 si
882 1257 988 1322 studia

46 1345 145 1405 nostra
166 1343 359 1408 necessitate
381 1347 523 1428 tantum,
549 1366 618 1410 non
640 1345 737 1409 etiam
760 1345 987 1410 commoditate

47 1433 195 1494 eternatu
210 1431 400 1516 dirigantur.
432 1430 523 1497 Oasis
537 1433 695 1498 contectis
713 1433 866 1498 stramine
884 1436 980 1497 etan

46 1519 135 1670 gustis
153 1520 294 1604 tuguriis
312 1541 350 1586 ae
366 1521 543 1606 gurgustiis
548 1521 695 1606 ,opertis
712 1521 809 1585 etiam
826 1521 988 1605 plaustris,

46 1604 249 1693 utSeythae,
278 1613 347 1693 aut,
374 1613 411 1674 ut
436 1607 561 1693 Cynici,
589 1609 682 1674 doliis
710 1610 791 1674 coeli
818 1609 988 1674 defendere

46 1695 167 1760 iniurias
189 1719 374 1780 possumus,
400 1697 496 1780 idque
519 1697 559 1761 ad
581 1698 806 1762 necessitatem
829 1699 907 1762 satis
930 1701 987 1762 est.

45 1781 122 1847 Num
155 1785 275 1850 idcirco
312 1785 501 1850 aedificandi
538 1789 640 1850 artem
673 1785 924 1870 repudiemus?
948 1785 988 1850 In

46 1872 151 1938 vestitu
174 1873 242 1938 cult
227 1876 326 1957 tuque
349 1874 506 1958 corporis,
535 1875 562 1938 si
584 1873 666 1938 nihil
689 1878 869 1958 spectemus
893 1875 989 1957 aliud,

45 1960 100 2022 nisi
119 1964 155 2025 ut
181 1959 314 2044 imbres,
341 1965 378 2026 ut
404 1963 508 2045 nives,
535 1965 721 2044 utrantos,
747 1965 785 2026 ιιι
812 1962 925 2044 solem,
952 1968 990 2025 ut

45 2047 138 2131 frigus
155 2070 336 2134 arceamus,
355 2051 433 2114 satis
451 2049 562 2133 fuerit,
580 2051 632 2114 vel
649 2049 786 2133 pellibus
803 2049 989 2112 animalium

45 2155 149 2218 corpus
178 2137 323 2202 amicire:
355 2159 398 2202 an
425 2139 594 2222 quisquam
624 2141 794 2222 propterea
823 2137 989 2202 honestior

43 2223 158 2288 civilem
187 2246 226 2288 ea
253 2226 289 2289 ιιι
317 2247 352 2289 ιο
383 2227 647 2290 consuetudinem
673 2225 832 2310 negligit?
878 2223 930 2289 Sic
957 2229 990 2289 et

41 2311 71 2373 in
91 2312 153 2378 hoc
180 2333 298 2398 genere
326 2313 505 2380 studiorum
527 2336 594 2379 non
616 2315 652 2378 in
674 2313 713 2378 iis
736 2313 846 2396 modo,
873 2313 989 2397 quibus

41 2400 240 2466 nullomodo
259 2422 381 2487 carere,
403 2403 630 2468 verumetiam
647 2403 683 2466 in
700 2402 753 2486 iis,
776 2401 892 2484 quibus
911 2402 989 2466 satis

41 2489 200 2554 commode
214 2510 322 2554 carere
336 2512 404 2556 ιιοιι
415 2513 606 2576 possumus,
624 2490 868 2573 elaborandum,
885 2511 989 2572 neque

40 2580 162 2642 tantum
175 2579 362 2662 necessitas,
375 2580 592 2648 verumetiam
606 2579 747 2664 dignitas
762 2581 794 2642 et
807 2577 989 2661 pulcritudo

39 2665 211 2748 spectanda
231 2669 293 2750 est,
310 2667 480 2751 praecipue
499 2687 572 2730 cum
592 2667 740 2730 omnibus
758 2664 990 2748 propemodum

38 2753 66 2816 in
82 2753 182 2818 rebus
196 2753 345 2820 decorem
358 2758 392 2820 et
409 2755 603 2840 elegantiam
617 2775 690 2818 cum
708 2774 833 2818 summa
850 2753 990 2817 utilitate

37 2845 150 2906 natura
162 2843 237 2926 ipsa
249 2843 416 2926 copularit.
437 2841 508 2907 Hos
522 2843 621 2927 igitur
636 2843 704 2906 sine
718 2842 784 2911 ulla
797 2841 991 2906 contumelia

37 2929 247 2996 dimittamus:
259 2933 387 2995 tantum
396 2952 593 3014 moneamus,
603 2933 648 3014 ut,
658 2930 685 2994 si
698 2931 733 2994 in
746 2929 895 2994 omnibuis
904 2928 990 2992 vitae

36 3019 180 3100 partibus
195 3021 331 3083 ornatus
348 3019 507 3084 rationem
523 3018 705 3082 habendam
720 3038 788 3082 esse
803 3017 938 3098 ducunt,
956 3015 990 3080 ιιι

1 3113 2 3190 }
36 3107 146 3171 studiis
166 3127 297 3190 quoque
318 3127 389 3170 eam
410 3107 621 3172 omittendam
641 3127 709 3171 non
729 3125 797 3170 esse
817 3104 991 3169 fateantur.

93 3194 156 3260 Isti
177 3195 274 3258 nobis
294 3195 398 3259 acrius
415 3195 595 3260 insectandi
613 3198 689 3258 sunt
707 3193 991 3274 uehementiusque

1 3337 2 3372 ,
35 3282 224 3368 repellendi,
249 3283 305 3366 qui
323 3282 431 3348 dedita
449 3303 547 3368 opera
568 3283 750 3348 barbariem
771 3282 808 3346 in
829 3280 990 3364 loquendo

79 3477 106 3544 *J
124 3476 190 3530 Imo
208 3477 315 3543 aequat.
343 3473 446 3530 Ruhnk
