2328 3956
178 232 241 298 126
558 232 643 290 VAR.
662 233 767 291 LECT.

177 379 263 464 quod
286 379 394 461 sciam,
417 381 560 444 notatus.
605 377 775 463 Sophoclei
803 401 871 445 non
899 380 1059 447 dissimilis
1079 387 1119 450 est

176 465 348 533 Ennianus
371 467 425 532 ille
433 465 458 552 ¹)
482 490 533 533 me
556 489 657 553 puero
681 467 869 534 decantatus
892 469 1077 555 machelin,

268 590 295 658 0
319 591 388 657 nia
410 596 472 658 tute
496 592 583 672 rati,
606 593 663 658 titt
686 596 776 660 aaa
798 597 930 677 ιικακκο
952 596 1058 660 uelat.

103 787 105 792 ,
177 713 291 801 Neque
314 715 405 781 valde
428 715 469 780 ab
493 735 531 780 eo
554 715 679 780 abludit
700 714 907 782 Homericum
929 716 1051 804 illud²),

269 836 368 922 Μηδὲ
389 835 531 925 γέροντα
552 834 658 904 κάκου
680 835 921 924 κεκακωμένον.

548 1067 695 1136 orror
717 1067 773 1135 vr.
878 1015 881 1021 ⁵

247 1187 296 1242 DE
314 1188 456 1246 EORIUM
474 1189 771 1246 APERIENDARUM
789 1189 954 1246 RATIONE
972 1193 1070 1249 APUD

181 1277 350 1332 VETERES
370 1277 544 1336 GRAECOS.
581 1279 719 1336 MULTIS
742 1277 878 1335 PLAUTI
896 1279 943 1336 Ao
963 1281 1125 1337 TERENTll

473 1367 577 1425 LOCIS
595 1369 744 1424 ALLATA
761 1367 845 1426 LUX.

249 1492 437 1570 Quaesitum
460 1500 509 1561 est
531 1518 571 1561 ex
592 1517 657 1579 me,
679 1517 736 1562 cur
756 1497 792 1561 in
806 1494 914 1560 Plauti
936 1518 973 1561 ac
999 1497 1126 1562 Terentii

182 1579 301 1647 fabulis
323 1605 491 1668 nunquam
514 1584 580 1650 fere
608 1585 779 1671 quisquam
807 1584 1015 1668 egrederetur
1036 1585 1126 1668 domo,
1149 1593 1150 1604 ¹

183 1673 309 1735 utnon
332 1675 428 1736 antea
450 1674 610 1756 crepuisse
633 1673 719 1738 fores
738 1673 928 1738 dicerentur.
964 1673 1126 1758 Respondi,

184 1779 238 1824 eas
270 1759 396 1825 fabulas
428 1782 446 1824 e
478 1760 601 1828 Graeco
638 1783 808 1827 conversas
841 1782 924 1846 esse,
959 1763 1126 1847 idcircoque

184 1849 384 1933 quarundam
407 1851 683 1934 consuetudinum,
711 1851 827 1934 quibus
850 1849 927 1915 olim
951 1850 1066 1917 Graeci
1086 1851 1125 1914 usi

184 1937 332 2021 essent,
323 1961 480 2022 1mpressa
501 1941 597 2005 ineis
620 1901 728 2004 extare
742 1960 796 2005 ves
797 1939 886 2024 tigia.
925 1937 1020 2016 Quod
1034 1944 1125 2004 auteur

184 2025 307 2111 Romae
330 2027 471 2113 antiquis
493 2028 693 2130 tomporibus
716 2027 758 2092 M.
773 2027 932 2112 Valerius,
955 2028 1125 2113 Poplicolae

184 2103 298 2199 fretar,
323 2115 499 2182 honoris
490 2118 618 2203 moigne
649 2117 801 2182 habuisse
829 2116 959 2200 dicitru,
988 2122 1029 2183 ut
1053 2118 1125 2182 fores

186 2205 340 2268 aedium
330 2206 431 2288 rpsius
445 2228 514 2271 non
536 2207 749 2271 introrsumt
734 2205 902 2288 trahendo,
925 2206 1015 2270 sed
1004 2229 1040 2272 ιιι
1055 2206 1125 2270 riam

184 2293 346 2376 publicam
363 2294 511 2377 pellendo
527 2295 736 2381 aperirentur,
757 2294 791 2359 id
805 2257 1000 2379 quondam
988 2317 1027 2360 ιιι
1044 2292 1125 2359 Grae·

185 2382 235 2446 eia
257 2382 370 2466 vulgat
370 2405 424 2447 um
451 2383 514 2447 fuit
516 2404 722 2468 ‚omnesque
737 2384 882 2450 omnium
904 2383 1033 2448 aedium
1054 2383 1151 2450 fores,

186 2490 223 2534 eo
246 2471 342 2534 modo
368 2435 600 2575 pandebairtun
651 2471 846 2549 Quoniam
836 2470 897 2556 rgit
898 2494 937 2536 ur
962 2473 1125 2556 periculum

186 2561 264 2642 erat,
286 2579 327 2622 ne
351 2559 519 2644 quispiam,
543 2584 599 2646 qur
589 2562 670 2626 aut
690 2561 888 2646 praeteriret,
912 2565 968 2624 aut
988 2581 1049 2644 pro
1062 2559 1124 2624 fori·

186 2647 305 2712 bust
275 2651 387 2732 staret,
415 2649 455 2715 ab
483 2650 663 2735 impulsa
653 2671 751 2714 ranna
777 2611 950 2751 pelleretur
912 2649 1061 2714 uri2deo
1082 2645 1124 2731 qui

186 2737 302 2804 exituri
330 2741 422 2804 erant
407 2738 558 2822 tdomc,
586 2738 735 2804 solebant
760 2737 850 2822 prius
872 2737 1003 2822 ipsimet
1025 2735 1122 2802 intriu-

186 2849 277 2893 secus
304 2827 389 2893 fores
417 2827 543 2892 aedium
566 2849 696 2892 suarum
718 2829 896 2910 percutete,
923 2829 960 2890 ut
980 2825 1038 2891 illo
1059 2828 1123 2890 stre-

186 2917 256 3002 pitu
271 2916 529 3000 admonerentur,
551 2937 607 3000 qur
597 2915 699 2981 foris
714 2919 814 3000 erant,
836 2935 947 2980 cavere
962 2915 1025 2979 sibi
1043 2917 1124 2997 atque

163 3010 319 3072 'eatenus
347 3007 514 3089 absistere,
541 3009 645 3070 utne
672 3005 884 3069 laederentur
929 3002 1000 3067 Hoc
1023 3026 1042 3068 a
1062 3000 1122 3100 Plu·

186 3096 297 3161 tarcho
320 3095 493 3162 memoriae
515 3093 680 3202 prqditum
702 3096 765 3178 est,
792 3092 881 3158 ouius
903 3091 983 3156 haec
1006 3093 1123 3157 suntm

186 3181 396 3290 Poplicola³).
423 3179 489 3260 Τὰς
512 3177 576 3248 dl‘
574 3143 776 3290 Ελληνικᾶς,
800 3181 870 3246 de
861 3181 965 3244 renuis
987 3178 1122 3287 loquitur,

186 3267 349 3357 πρότερον
376 3267 482 3349 οὕτως
508 3273 596 3356 ἔχειν
626 3265 755 3346 ἁπάσας
781 3261 998 3353 λέγουσιν,’
980 3290 1043 3333 ano
1067 3285 1123 3328 κων

260 3448 376 3517 ¹)Auct.
397 3447 442 3502 ad.
460 3447 581 3502 Herenn.
600 3445 647 3502 IV.
668 3451 709 3515 12,
730 3449 772 3500 18.

259 3518 279 3587 ¹)
299 3517 348 3574 Od.
368 3518 414 3574 IV.
435 3523 497 3574 ¹154.

258 3588 280 3657 8)
298 3606 322 3646 c.
341 3595 385 3645 20.
