2330 3944
177 153 242 222 152
546 151 682 207 enarro
701 152 761 206 xv.

176 297 250 364 silio
274 297 380 362 studia
404 300 570 381 sequatur,
592 297 682 361 utin
700 297 832 379 pulvere
852 297 1039 364 scholastico
1057 321 1119 365 con-

176 385 347 452 senescat?
384 383 449 450 Our
471 385 572 470 igitur
594 405 633 448 ea
655 385 763 468 potius
791 389 1023 471 consectemur,
1051 410 1119 472 quac

175 477 306 540 tantum
333 474 369 538 in
397 473 596 538 scholasticis
625 473 927 538 concertatiunculis
954 475 1037 540 inter
1058 478 1119 542 ado-

175 563 370 628 lescentulos
390 566 447 626 aut
465 584 556 627 senes
575 561 822 626 adolescentulis
846 563 1008 628 stultiores
1032 565 1119 629 oblec-

176 654 337 736 tamento,
370 673 467 735 quam
494 664 584 735 quac
604 649 681 714 olirn
709 651 907 735 gravissimis
934 653 970 716 in
996 655 1120 738 negotiis

176 741 395 806 emolumento
418 739 529 804 futura
552 738 639 804 sint?
666 738 736 804 Vos
757 761 834 804 vero
857 740 938 804 istos
961 746 1120 827 nugatores

176 829 388 912 contemnite,
411 827 600 912 praesertim
623 849 696 892 cum
717 829 775 892 illa
792 828 914 893 leviora
933 833 991 893 aut
1007 831 1069 894 iam
1085 831 1120 894 di-

178 916 333 1001 dicentia,
362 921 432 1001 aut,
460 917 515 1000 qui
538 939 576 982 ea
598 939 700 1002 usque
728 917 769 980 ad
796 917 939 982 taedium
965 918 1121 1002 inculcent,

176 1005 213 1069 in
237 1007 386 1070 omnibus
405 1005 484 1070 vicis
503 1027 541 1070 ac
559 1006 662 1071 triviis
682 1004 794 1070 obvios
814 1006 993 1088 quamlibet
1010 1008 1121 1089 multos,

177 1093 233 1176 qui
252 1094 400 1160 Tacitum
418 1094 625 1178 interpretari
643 1097 699 1158 aut
716 1093 844 1177 possint
863 1098 920 1158 aut
937 1094 1051 1180 velint,
1067 1117 1121 1159 non

177 1182 299 1246 multos
323 1183 393 1246 sitis
416 1183 567 1248 habituri.

177 1325 181 1332 .
244 1269 354 1356 Nunc,
381 1293 462 1354 quae
489 1272 526 1335 in
552 1291 590 1336 eo
614 1270 738 1354 culpari
765 1293 785 1334 a
810 1271 980 1336 nonnullis
1004 1273 1121 1356 soleant,

178 1379 385 1444 exponerem,
407 1381 507 1443 eaque
531 1359 653 1443 omnia,
675 1359 724 1422 uti
747 1359 909 1442 pollicitus
929 1381 1032 1444 eram,
1052 1361 1120 1424 refu-

176 1450 281 1512 tarem
304 1470 342 1514 ao
363 1448 555 1532 refellerem3
573 1447 629 1512 sed
652 1446 744 1511 video
766 1469 817 1510 mc
835 1447 967 1532 longius
991 1469 1121 1533 progres-

178 1559 250 1600 sum
278 1558 348 1602 esse
376 1537 523 1620 dicendo,
551 1558 649 1621 quam
677 1557 697 1599 a
722 1535 881 1620 principio
910 1537 1121 1601 existimaram.

176 1624 307 1689 Fefellit
328 1647 380 1688 me
399 1625 503 1688 Taciti
521 1647 624 1708 amor,
647 1624 737 1689 cuius
756 1624 868 1689 laudes
887 1645 960 1690 curn
981 1625 1121 1690 hodierno

178 1711 229 1775 dic
261 1713 379 1776 tacitus
410 1713 665 1796 praetermittere
698 1712 898 1798 statuissem,
922 1714 1055 1778 -auferri
1081 1735 1122 1776 me

176 1803 292 1883 postea
313 1821 428 1884 passus
452 1823 536 1886 sum,
559 1823 662 1886 neque
685 1801 766 1866 mihi
789 1801 894 1886 potui,
922 1823 962 1866 ne
989 1824 1043 1867 cas
1064 1803 1122 1866 stri·

178 1888 256 1952 etim
297 1893 330 1954 et
365 1889 488 1957 modice
526 1892 733 1977 attingerem,
774 1894 963 1976 temperare.
1016 1889 1123 1966 Vereor

178 1981 300 2063 autem,
323 1979 351 2044 si
372 1981 502 2064 longius
526 1981 704 2045 orationem
727 1981 902 2062 producere
924 1979 1071 2062 voluero,
1089 1999 1123 2042 ne

178 2070 211 2130 et
234 2068 326 2132 vobis
348 2067 515 2131 molestiae
539 2068 652 2131 simet
673 2067 727 2150 iis,
750 2067 805 2150 qui
822 2071 898 2152 post
915 2089 968 2132 mc
992 2069 1029 2132 in
1049 2067 1123 2132 hunc

176 2156 285 2220 locum
308 2155 514 2220 conscensuri
537 2157 626 2238 sunt,
647 2153 888 2238 impedimento.
924 2155 1032 2232 Quare
1055 2177 1124 2240 quac

178 2245 380 2325 supererant,
407 2243 442 2306 in
469 2241 658 2328 crastinum,
686 2243 714 2307 si
740 2243 833 2310 vobis
861 2265 988 2329 quoque
1017 2247 1064 2310 ita
1087 2244 1124 2306 ri-

177 2329 283 2413 detur,
307 2329 464 2414 differam,
490 2351 594 2414 neque
617 2335 774 2416 metuam,
800 2353 842 2397 ne
870 2333 941 2417 quis
964 2355 1018 2398 me
1040 2331 1124 2398 hodic

175 2417 263 2482 iusto
286 2418 587 2483 brevioremfuisse
611 2419 705 2484 dicat.
736 2419 823 2485 Nam
845 2425 878 2486 ct
899 2421 935 2485 in
951 2421 1006 2486 his
1024 2422 1125 2506 primis

176 2506 418 2574 velitationibus
440 2507 560 2572 nostris
583 2508 724 2592 iustique
748 2530 859 2574 cursus
883 2528 920 2573 ao
949 2510 1125 2574 certaminis

177 2594 271 2676 quasi
298 2595 537 2677 prolusionibus
565 2597 707 2660 brevitas
736 2597 858 2680 culpari
885 2619 953 2662 non
980 2599 1074 2682 solet,
1099 2601 1126 2659 et

175 2703 289 2746 verum
317 2685 379 2767 cst,
407 2684 492 2768 quod
519 2685 565 2748 ait
587 2681 746 2770 Varr0*),
774 2688 902 2768 portam
928 2685 1038 2750 itineri
1065 2705 1126 2749 case

175 2771 408 2856 longissimam.
435 2771 546 2857 Equos
568 2773 673 2858 ipsos,
695 2774 752 2837 ubi
775 2773 829 2838 diu
853 2773 1056 2858 quieverunt,
1078 2772 1126 2856 qui

175 2861 314 2946 longum
336 2861 397 2924 iter
419 2861 597 2946 ingressuri
616 2865 706 2946 sunt,
729 2863 868 2948 fatigare
886 2863 989 2946 primo
1009 2861 1126 2926 itineris

176 2949 227 3014 die
250 2971 319 3016 non
342 2951 455 3014 solent.
487 2948 521 3015 si
542 2953 594 3016 tot
616 2951 857 3034 praestantibus
879 2951 969 3036 viris,
992 2951 1049 3034 qui
1070 2950 1126 3012 huc

174 3038 272 3104 hodic
289 3043 531 3124 ,convenerunt
562 3041 601 3104 ut
627 3039 762 3104 dicendo
789 3041 949 3123 placerem
980 3036 1126 3120 consequi

173 3126 315 3192 fortasse
337 3150 405 3194 non
427 3129 531 3212 potui:
555 3131 589 3194 at
607 3132 693 3194 certe
711 3128 850 3192 breviter
874 3126 1007 3192 dicendo
1024 3127 1127 3190 minus

174 3217 214 3276 ut
236 3215 391 3280 molestus
415 3217 477 3279 sim
501 3239 687 3302 consequar.
721 3214 783 3281 Sed
802 3217 940 3301 utinam,
963 3215 1127 3294 auditores,

174 3301 302 3366 utinam
335 3307 367 3366 et
397 3303 503 3369 brevis
534 3305 630 3370 hodie
661 3306 750 3374 usus
782 3305 857 3390 sim,
888 3308 921 3369 et
953 3305 1127 3389 quicunque

181 3493 553 3563 :bmmmraa
