2328 3956
183 241 247 307 100
499 235 680 292 EPISTOLA
698 236 820 290 LXXIII.

181 389 308 471 ineptos
335 385 430 468 istos,
457 381 496 446 de
525 381 641 465 quibus
672 380 800 465 scribis,
827 380 981 466 indignos
1006 403 1124 464 prorsus

181 497 261 560 esse,
284 473 400 559 quibus
423 469 670 555 respondeatur:
694 470 741 534 116
765 490 798 535 66
821 489 864 533 ne
882 469 998 534 leviter
1011 469 1123 554 quidem

182 564 298 629 litteris
321 563 442 626 tinctos
465 580 536 624 esse
560 558 734 624 declarant.
779 555 865 635 Quid
888 558 976 622 enim
998 561 1057 641 est,
1078 579 1128 621 cur

182 654 221 718 de
235 652 350 718 Paullo
372 654 402 714 61
416 648 546 729 aalma
568 668 620 712 mc
643 647 851 732 potissimum
867 647 1041 712 accusent?
1070 645 1129 712 Cur

182 763 249 806 non
276 761 349 805 oum
377 737 525 803 Manutio
553 735 661 821 potius
691 739 723 800 61
750 757 824 800 cum
851 733 988 820 Sigonio
1016 737 1129 820 agunt?

182 852 319 916 quorum
346 831 479 912 uterque
501 828 577 890 ante
600 825 674 904 hos,
703 825 832 909 opinor,
856 824 1130 910 vigintiquinque

182 941 285 984 annos
307 918 355 982 ita
377 914 580 981 scribendum
604 933 673 978 esse
697 913 813 979 docuit.
853 912 899 978 Et
922 915 1007 977 certe
1030 913 1064 977 in
1084 934 1130 976 ve·

181 1008 279 1072 tustis
302 1003 516 1070 marmoribus
540 1002 772 1087 praecipueque
790 1003 826 1067 in
838 1001 933 1067 fastis
948 1000 1132 1086 Capitolinis

182 1097 229 1160 ita
251 1097 406 1179 perpetuo
431 1092 588 1158 scribitur.
625 1089 671 1156 Aa
692 1113 821 1156 versum
842 1091 935 1156 illum
959 1091 1132 1176 exagitant:

262 1235 334 1303 Uno
355 1236 459 1300 viram
480 1238 510 1299 61
529 1234 680 1299 uirtutum
702 1231 840 1298 66661666
861 1233 971 1297 acerba
993 1233 1065 1299 lues.

182 1376 331 1443 Ridicula
358 1375 476 1460 capita,
509 1373 601 1458 quasi
632 1394 700 1438 non
731 1372 762 1437 61
787 1372 885 1457 plane
917 1375 1065 1459 geminus
1096 1377 1136 1440 sit

182 1468 236 1532 1116
259 1461 506 1548 0616111666661)

239 1607 336 1672 Trous
358 1607 461 1670 uirum
482 1609 513 1670 61
532 1605 683 1669 virtutum
704 1605 844 1668 muniam
865 1604 975 1670 acerbo
997 1607 1086 1671 61616.

185 1747 343 1813 Desinant
355 1746 456 1832 igitur
467 1745 640 1811 stultitiam
653 1766 745 1810 suam
758 1745 893 1828 prodere
908 1767 945 1810 ac
959 1747 1136 1829 patefacere

183 1840 217 1902 et
242 1837 348 1921 prima
375 1836 490 1900 saltem
522 1835 682 1900 elementa
713 1833 852 1913 discant,
884 1834 1076 1920 priusquam
1102 1837 1136 1900 dc

182 1923 445 2010 reprehendendo
481 1924 635 2010 cogitent.
699 1920 891 1988 satisfacere
932 1924 1007 2008 tibi,
1044 1945 1137 2010 quem

186 2015 276 2080 video
304 2014 368 2079 mci
391 2013 570 2078 studiosum
597 2032 681 2096 esse,
703 2011 804 2095 volui,
827 2011 947 2098 alioqui
969 2016 1040 2078 tam
1063 2016 1136 2078 6161-

184 2107 235 2168 166
257 2102 522 2189 reprehensiones
544 2101 612 2165 risu
635 2121 673 2165 66
696 2099 824 2166 silentio
847 2104 1046 2185 excepturus.
1093 2103 1137 2167 Tu

184 2213 311 2276 quoque
334 2192 419 2256 idem
441 2190 543 2255 facias
571 2187 704 2268 suadeo,
728 2192 761 2253 et
786 2189 867 2255 istos
890 2193 1082 2257 contemnas
1106 2215 1137 2256 ac

184 2301 411 2345 consenescere
432 2280 468 2344 in
489 2278 619 2344 inscitia
646 2278 824 2344 suarinas.
874 2277 981 2344 Stulta
1003 2280 1080 2346 illos
1105 2282 1137 2345 de

185 2390 218 2434 se
240 2369 407 2454 persuasio
430 2367 596 2454 indignos,
619 2367 675 2450 qui
698 2366 883 2452 doceantur,
905 2368 992 2433 facit
1030 2369 1161 2452 Versig

184 2458 247 2522 culi
274 2457 323 2521 tui
349 2457 441 2521 valde
468 2477 520 2522 me
547 2456 804 2540 oblectaverunt3
830 2477 908 2522 nam
935 2460 969 2522 et
995 2459 1078 2524 scite
1106 2483 1137 2524 ac

183 2545 288 2630 lepide
315 2544 394 2609 facti
422 2549 511 2629 sunt,
538 2547 572 2609 et
592 2544 716 2609 habent
741 2545 905 2631 insignem
931 2546 1137 2631 significatio-

183 2653 259 2698 nem
282 2633 401 2698 amcris
424 2654 503 2719 erga
524 2654 576 2697 me
598 2633 656 2698 tui.
706 2631 741 2698 Si
768 2633 844 2718 quid
871 2633 925 2699 hic
951 2635 1029 2721 erit,
1056 2638 1137 2722 quod

183 2743 235 2787 me
250 2743 363 2788 caussa
375 2725 433 2788 166
446 2722 550 2787 facere
559 2742 655 2806 posse
666 2721 840 2807 arbitreris,
853 2744 920 2788 non
929 2726 1137 2801 committam.

186 2813 221 2876 61
242 2811 362 2877 frustra
383 2833 436 2876 me
463 2831 571 2875 amare
599 2810 745 2876 videaris.
790 2809 882 2876 Vale.
903 2829 947 2876 vr.
970 2812 1045 2879 Kal
1068 2816 1137 2880 Iulii

184 2897 263 2987 (quo
290 2900 361 2985 ipso
389 2899 440 2964 die
463 2919 648 2982 acceperam
670 2899 795 2964 litteras
819 2921 839 2964 a
860 2903 893 2964 te
916 2901 1055 2986 scriptas
1080 2904 1137 2970 Idi-

186 2989 244 3055 bus
270 2988 363 3073 Maii,
394 3009 435 3053 ne
468 3009 519 3051 me
551 2987 634 3054 forte
667 2988 708 3054 ad
735 3008 790 3055 666
817 2989 918 3056 serius
945 2994 1137 3078 respondere

184 3076 537 3166 mireris)r11)hxxx1v.

258 3268 282 3338 ¹)
302 3276 350 3337 oa,
369 3275 413 3324 eo.
1148 3199 1157 3384 1
