2368 3956
398 213 516 268 CAPUT
535 213 621 268 XXX.
926 212 987 277 157

47 361 76 425 de
100 359 358 425 Lacedaemoniis
386 358 525 443 dicebat,
552 358 586 424 id
612 379 684 424 meo
712 357 841 443 quidem
871 357 988 423 iudicio

46 451 76 514 de
96 449 261 514 hominum
274 446 667 514 fortune-convenientius
685 447 748 513 dici
764 449 886 532 potest,
908 467 988 532 quse

47 538 161 622 quidem
182 537 293 602 multis
314 537 408 602 initio
431 537 560 603 obviem
582 557 652 602 sese
678 536 784 602 ferens
817 535 906 602 miris
934 556 988 600 eos
1032 541 1035 546 ’
1167 533 1168 536 ’

46 629 130 691 adse
152 626 318 691 blanditiis
341 626 453 710 allicit,
476 629 546 691 tum
568 625 658 690 inani
680 625 897 710 praesentium
920 645 988 690 suc-

46 737 180 780 cessuum
206 715 331 781 laetitia
356 715 535 799 complens,
561 719 632 778 turn
655 737 710 798 spe
733 715 780 778 ita
808 735 933 796 semper
954 713 990 776 in

45 809 197 888 posterum
223 804 305 869 fore:
333 803 390 868 ubi
420 807 528 867 antem
554 802 715 868 inhiantes
748 801 810 867 sibi
841 801 989 866 homines

46 915 92 957 sua
113 893 243 958 levitate
265 893 300 956 in
314 893 415 957 altum
430 891 575 975 sustulit,
598 913 693 976 saepe
708 891 900 976 eis-praeter
922 889 989 972 opi-

45 982 162 1046 nionem
176 980 333 1046 maximas
347 981 477 1046 exhibet
490 979 702 1050 difficultates.
747 977 989 1064 Nonnunquam

46 1071 130 1134 etiam
156 1069 245 1154 illos,
277 1069 332 1156 qui
358 1069 466 1133 futura
493 1091 560 1134 non
591 1068 823 1153 prospicientes
853 1087 989 1152 magnos

47 1158 305 1242 spiritus,·ipsius
332 1158 434 1222 infleti
463 1156 587 1241 favore,
614 1161 835 1242 conceperant,
858 1155 988 1221 deserit:

46 1269 100 1311 non
121 1247 227 1332 aliter,
254 1269 351 1332 quem
378 1245 508 1312 dolosus
540 1246 700 1332 quispiam
722 1250 755 1311 et
777 1245 916 1330 perfidus
938 1245 989 1308 iti·

46 1337 119 1400 neris
141 1357 264 1419 comes,
290 1335 346 1420 qui
373 1335 489 1420 quibus
511 1335 650 1400 maxime
673 1335 708 1399 in
735 1335 813 1400 locis
838 1335 990 1400 societate

46 1429 70 1488 et
88 1425 208 1490 viribus
231 1428 264 1489 et
286 1427 398 1489 mutua
420 1424 606 1490 defensione
633 1445 714 1508 opus
737 1428 799 1508 est,
821 1423 868 1487 ibi
890 1423 989 1507 potis-

47 1514 149 1578 simum
175 1513 305 1598 fugiens
332 1513 486 1578 confisum
514 1511 576 1578 sibi
608 1513 757 1578 comitem
789 1512 990 1597 derelinquit.

47 1601 86 1666 lta
109 1603 177 1667 fere
204 1601 405 1685 Theodorum
433 1601 523 1667 cuius
550 1601 632 1667 liber
658 1623 731 1668 cum
759 1601 861 1666 adhuc
889 1601 990 1665 divul-

47 1696 127 1774 gatus
150 1713 218 1757 non
241 1692 297 1776 sit,
318 1691 470 1776 iudicavi,
493 1691 521 1756 si
533 1691 613 1756 liceo
627 1711 665 1756 ex
688 1712 726 1756 eo
748 1711 852 1774 pauca
874 1689 989 1755 descri-

46 1780 157 1863 berem,
177 1802 245 1846 non
266 1782 386 1846 molem
399 1801 450 1844 me
465 1802 485 1844 e
499 1780 650 1845 studiosis
665 1780 803 1866 gratiam
825 1779 989 1844 initurum.

48 1867 98 1934 Sed
122 1869 312 1934 Plutarchus
339 1870 375 1934 in
400 1867 599 1954 Lysandro¹)
630 1869 693 1934 hoo
720 1869 826 1954 ipsum
852 1887 989 1932 narrans

49 1957 278 2044 Theopompum
301 1958 386 2024 hunc
408 1958 565 2024 cornicum
588 1961 690 2023 vocet

378 2169 523 2237 CAPUT
546 2168 648 2236 XXX.

50 2291 235 2349 Pousinon
256 2291 305 2346 sr
328 2292 431 2348 ison
453 2266 699 2346 oonrsui‘n'o.
740 2287 990 2345 mensuremus

60 2379 201 2436 nomm
219 2379 373 2436 vorsus
391 2379 512 2435 suoru
530 2377 608 2434 nuo
626 2377 766 2435 unone
785 2376 972 2434 CORONAM.

102 2489 253 2556 Libenter
275 2511 313 2554 ec
336 2511 431 2572 saepe
453 2488 579 2554 faciunt
600 2491 729 2573 po'e'tae,
750 2490 788 2552 ut
806 2509 840 2552 se
863 2485 991 2572 quidem

51 2577 163 2664 apibus,
186 2577 329 2644 studium
351 2582 458 2644 cutem
472 2599 566 2642 suum
578 2576 739 2642 mellifieio
758 2576 884 2640 cuidem
907 2597 991 2640 com-

51 2671 158 2747 parent.
202 2665 326 2753 Neque,
350 2667 377 2731 si
401 2667 472 2753 quis
495 2665 665 2750 diligenter
687 2664 851 2747 inspiciat,
877 2685 992 2747 parum

52 2757 138 2820 multa
163 2755 308 2841 utrisque
334 2756 420 2820 inter
446 2775 480 2820 se
508 2754 625 2818 similis
651 2753 859 2836 reperientur.
903 2750 992 2834 Apes

52 2842 258 2909 instruendis
286 2844 435 2928 operibus
465 2843 531 2909 suis
558 2847 708 2907 naturam
734 2844 862 2905 tentum
891 2840 992 2924 magi-

53 2934 138 2996 stram
152 2936 340 3018 sequuntur:
365 2936 467 2997 ortem
480 2953 547 2996 non
561 2931 724 2996 adhibent.
762 2927 814 2995 Sic
828 2932 861 2994 et
879 2932 992 3014 politae
1109 2940 1113 2949 '

53 3024 153 3086 nature
174 3025 303 3086 tuntum
324 3022 449 3086 valente
473 3023 542 3084 arte
565 3020 593 3085 si
615 3021 671 3106 qui
689 3041 723 3085 se
745 3023 914 3103 po'e’tarum
935 3041 993 3084 no·

54 3129 116 3173 men
135 3111 218 3176 tueri
244 3131 340 3195 posse
368 3110 540 3194 confidunt,
567 3130 622 3173 eos
650 3108 859 3194 gravissimus
883 3111 994 3172 auctor

54 3193 135 3264 Plato
155 3200 347 3285 pronunciet
372 3198 454 3263 nihil
476 3219 619 3283 unquam
633 3197 798 3284 egregium
816 3219 853 3262 ac
875 3218 993 3262 memo·

55 3286 141 3350 rabile
166 3289 342 3354 effecturos.
391 3287 505 3372 Itaque
528 3285 687 3350 Pindarus
715 3308 753 3351 eo
781 3307 815 3351 se
838 3287 995 3371 gloriatur

56 3373 226 3442 adversariis
254 3377 334 3462 suis,
361 3375 551 3460 Bacchylide
577 3374 731 3442 nimirum
763 3378 795 3440 et
822 3373 994 3456 Simonide,

119 3567 137 3637 ¹)
154 3585 176 3625 o.
195 3576 228 3624 13
