2360 3944
192 235 234 298 26
567 233 703 290 ORATIO
722 233 770 288 III.

193 383 270 445 sunt
300 381 398 445 mutis
431 379 649 443 animantibus
683 379 876 462 superiorem
909 377 964 442 sed
995 378 1151 462 quoniam

192 469 383 533 immortalia
410 468 554 551 ipsorum
577 470 610 532 et
632 467 766 550 simplex
793 471 826 531 et
853 465 998 531 coelestis
1022 467 1151 530 animus

192 557 338 622 mortalis
362 561 395 620 et
417 556 559 620 concreti
582 558 615 620 et
636 555 796 620 terrestris
820 554 981 622 domicilio
1005 556 1151 638 corporis

191 645 376 729 hebetatur,
403 665 440 709 eo
468 644 518 728 fit,
546 647 583 708 ut
610 643 650 708 ad
677 644 895 728 cognitionem
921 646 955 707 et
981 643 1152 706 scientiam

193 734 262 798 sine
286 755 438 798 sensuum
460 733 639 796 ministerio
662 733 828 815 pervenire
851 753 919 796 non
939 732 1054 816 possit.
1087 731 1151 795 Ita-

193 843 255 905 que
282 825 367 886 reete
394 821 487 886 Plato
516 821 632 884 mentis
664 819 884 884 internuncios
917 819 1073 904 quasique
1103 842 1152 884 sa·

191 911 311 974 tellites
335 931 446 974 sensus
469 908 662 993 nominavit,
690 908 881 991 eosdemque
909 907 1004 972 duces
1032 907 1076 972 ad
1099 930 1151 972 ve-

192 999 322 1062 ritatem
345 1018 414 1062 esse
441 997 529 1060 dixit.
565 995 645 1060 Eius
673 999 781 1061 autem
807 996 935 1060 auditor
956 993 1151 1061 Aristoteles

192 1086 432 1168 pronunciavit,
455 1085 537 1148 nihil
554 1085 706 1170 intelligi,
728 1085 791 1149 uisi
809 1084 898 1168 prius
912 1083 1033 1167 aliquid
1053 1105 1153 1148 sensu

192 1177 379 1258 perceptum
406 1173 532 1256 fuisset,
565 1175 651 1257 quod
683 1173 775 1258 quasi
801 1173 887 1237 viam
914 1172 1081 1238 stravisset
1111 1174 1153 1237 ad

191 1261 272 1326 illud
298 1262 553 1347 intelligendum.
594 1261 746 1346 Idemque
775 1261 838 1326 alio
865 1262 936 1326 loco
966 1261 1096 1346 statuit,
1126 1263 1153 1326 si

192 1351 245 1415 oui
277 1373 406 1416 sensum
439 1350 578 1434 aliquem
610 1373 630 1414 a
661 1351 765 1434 primo
798 1353 871 1414 ortu
902 1351 1019 1415 natura
1051 1349 1151 1414 dene·

193 1441 330 1524 gaverit,
362 1439 466 1504 eidem
496 1439 676 1504 necessario
709 1439 850 1522 aliquam
883 1459 951 1502 esse
979 1438 1153 1504 scientiam

193 1526 384 1593 defuturam.
420 1527 501 1593 Cum
524 1531 632 1592 autem
655 1526 779 1592 duobus
801 1530 957 1610 tanquam
978 1526 1152 1592 itineribus

192 1615 234 1680 ad
258 1617 425 1680 scientiam
447 1616 613 1699 pervenire
636 1616 744 1698 liceat,
772 1615 858 1698 quod
885 1615 949 1679 alia
970 1615 1152 1699 reperimus

191 1703 254 1785 ipsi
283 1725 340 1786 per
362 1725 423 1768 nos
451 1704 605 1786 quasique
631 1704 788 1787 parimus,
815 1703 878 1768 alia
903 1723 978 1768 vero
1007 1703 1047 1767 ab
1075 1707 1153 1768 aliis

192 1791 380 1874 accipimus3
407 1813 543 1875 quorum
568 1791 658 1856 illam
684 1791 917 1876 inventionem,
943 1791 1026 1856 hano
1055 1792 1153 1858 disci-

192 1879 315 1962 plinam
342 1883 472 1944 vocant:
503 1898 632 1944 necesse
660 1883 742 1964 erat,
774 1880 815 1944 ad
842 1901 952 1945 earum
978 1883 1152 1966 utramque

193 1989 324 2034 sensum
351 1969 490 2053 aliquem
518 1969 760 2034 accommodari.
797 1966 860 2033 Sed
886 1990 956 2034 curn
986 1969 1083 2034 ceteri
1109 1971 1153 2034 ad

192 2077 265 2122 eam
287 2080 356 2123 rem
378 2059 484 2122 minus
508 2058 577 2141 apti
599 2057 721 2141 forent,
745 2057 910 2122 oculorum
929 2057 1056 2140 quidem
1076 2079 1153 2124 sen·

194 2167 248 2209 sus
286 2147 327 2210 ad
366 2167 473 2210 rerum
513 2145 862 2228 praestantissimarum
896 2145 1154 2231 indagationem,

193 2233 320 2296 aurium
337 2253 414 2296 uero
433 2232 474 2295 ad
493 2231 679 2318 earundem,
702 2255 775 2299 oum
795 2233 836 2297 ab
855 2233 918 2298 alio
935 2236 1154 2320 traderentur,

193 2320 432 2404 perceptionem
446 2319 487 2384 ab
503 2320 574 2404 ipsa
592 2325 710 2387 natura
728 2323 921 2387 constitutus
939 2326 996 2387 est.
1023 2321 1153 2389 Instru-

193 2411 465 2473 meutum·autem
483 2411 820 2476 communicandorum
839 2411 1154 2496 participandamm·

193 2517 255 2579 que
280 2497 378 2561 animi
404 2499 576 2564 notionum
599 2498 711 2564 eadem
732 2501 850 2562 natura
876 2500 1055 2564 orationem
1077 2521 1154 2566 esse

193 2585 309 2668 voluit3
346 2607 480 2669 cumque
517 2589 630 2652 ceteris
667 2587 885 2652 animantibus
921 2609 1018 2652 sonos
1049 2590 1154 2654 modo

192 2673 350 2757 quosdam
373 2674 525 2760 dedisset,
548 2677 664 2760 quibus
681 2677 893 2760 voluptatem,
916 2675 1071 2760 dolorem,
1095 2677 1155 2742 de-

194 2761 310 2826 sideria
332 2765 481 2848 naturae,
504 2765 637 2828 affectus
661 2764 797 2848 denique
819 2763 1011 2849 indicarent,
1034 2765 1155 2830 distin-

194 2854 279 2914 ctam
293 2851 478 2916 hominibus
493 2854 758 2938 articulatamque
776 2852 890 2916 tribuit
903 2873 1027 2936 vocem,
1046 2851 1155 2938 (unde

194 2961 249 3004 eos
271 2938 433 3005 Homerus
460 2937 607 3024 μέροπας
634 2937 842 3026 nominavit)
870 2962 967 3024 quam
990 2961 1063 3004 cum
1084 2942 1156 3026 ipsi

193 3029 352 3095 arbitratu
380 3051 438 3094 suo
466 3027 630 3094 flexissent
652 3033 748 3112 atque
770 3029 962 3112 variassent,
992 3029 1156 3114 quasique

192 3121 361 3199 compacto
390 3118 591 3201 statuissent,
623 3139 720 3201 quam
747 3117 860 3201 cuique
888 3117 960 3182 voci
985 3117 1050 3181 vim
1079 3139 1156 3184 esse

193 3204 409 3288 vellent,'tum
428 3227 466 3269 eo
481 3207 695 3270 instrumento
715 3205 755 3268 ad
774 3227 824 3290 ea,
848 3227 929 3290 quae
948 3205 1055 3271 animo
1073 3228 1156 3272 con-

194 3292 367 3374 cepissent,
400 3293 624 3375 patefacienda
650 3297 825 3359 uterentur.
867 3291 919 3358 Sic
950 3293 1000 3377 fit,
1032 3298 1070 3358 ut
1096 3317 1156 3360 res

192 3377 322 3462 quidem
344 3380 433 3463 ipsae
457 3381 636 3465 singulares
658 3383 878 3466 percipiantur
901 3381 1059 3464 sensibus,
1084 3405 1157 3466 qua

193 3487 232 3530 ex
254 3469 459 3550 perceptione
483 3469 625 3532 existunt
647 3470 682 3533 in
709 3471 825 3534 animis
853 3491 960 3534 rerum
983 3471 1155 3536 universa-

191 3575 265 3619 rum
282 3555 446 3639 nctiones,
469 3555 510 3619 ad
529 3559 588 3620 eas
600 3577 675 3620 vero
694 3558 886 3622 evolvendas
904 3559 989 3622 etin
1006 3558 1153 3624 medium
