2326 3942
352 217 559 274 rainelmo
578 220 628 274 vi,
869 183 874 202 '
902 221 968 284 219

40 364 85 428 bos
104 366 207 446 politas
231 367 287 428 aut
309 364 436 447 saepius
460 367 516 429 aut
539 365 716 430 accuratius
739 365 890 450 legerint,
914 370 971 431 aut

40 474 98 516 vero
128 453 196 535 plus
232 473 347 535 operae
383 454 551 536 posuerint
585 454 621 517 in
657 477 767 518 eorum
796 454 969 519 virtutibus

39 541 170 604 imitando
193 541 416 624 exprimendis.
461 540 512 607 Ex
535 564 598 627 quo
622 546 730 607 autem
752 544 788 608 in
810 565 861 607 me
883 543 969 606 iuve-

39 629 96 693 nilis
123 629 188 713 illa,
225 652 289 714 qua
320 631 426 694 studia
461 632 587 715 politica
622 632 784 715 foventur,
821 632 969 696 alacritas

40 718 182 801 deferbuit,
205 719 411 804 animumque
435 720 496 784 sibi
518 721 832 805 meum-graviorum
855 723 888 784 et
909 720 971 785 hac

40 809 121 870 aetate
142 807 324 891 digniorum
352 809 470 872 artium
496 810 646 874 tractatio
674 809 861 874 vindicavit:
889 812 969 872 tem-

39 916 127 976 perare
147 895 228 959 mihi
248 900 359 960 tamen
380 920 448 962 non
470 920 615 982 possum,
639 898 717 984 quin
740 920 834 983 saepe
857 919 913 962 eos
935 899 971 962 in

39 984 161 1048 manibus
196 985 347 1068 habeam,
387 987 538 1072 horisque
576 987 750 1052 subsecivis
787 987 970 1072 graviorum

40 1073 190 1137 studiorum
213 1075 419 1158 asperitatem
441 1075 503 1140 hoc
527 1077 619 1161 quasi
641 1077 845 1141 condimento
864 1097 970 1140 amoe-

40 1161 126 1226 nitatis
151 1163 297 1248 mitigem
325 1185 362 1227 ac
388 1165 540 1229 molliam.
574 1164 671 1241 ¹Quin
699 1166 808 1249 etiam,
840 1168 971 1229 utnon

41 1251 238 1334 occupationes
257 1255 384 1316 tantum
403 1275 507 1336 meae,
530 1275 641 1318 verum
663 1255 868 1318 remissiones
893 1275 970 1338 quo-

42 1360 85 1420 que
119 1340 216 1404 animi
259 1341 394 1405 afferant
429 1342 550 1426 aliquid
585 1343 734 1406 utilitatis
769 1342 969 1406 hominibus:

42 1428 142 1493 confero
178 1429 323 1494 studium
358 1453 425 1496 non
460 1431 619 1496 mediocre
656 1432 696 1494 ad
727 1431 827 1496 libros
859 1451 971 1494 eornm

41 1519 269 1602 perpurgandos,
297 1521 329 1582 et
356 1520 396 1583 ad
423 1521 523 1603 locos,
552 1521 580 1585 si
608 1542 687 1604 quos
711 1520 791 1583 mihi
817 1520 900 1583 forte
922 1519 970 1581 in·

41 1605 155 1689 belligare
181 1607 306 1688 videor,
334 1608 388 1692 qui
416 1630 483 1672 non
508 1610 555 1673 ita
583 1610 649 1673 sint
680 1609 829 1674 omnibus
859 1606 971 1691 pervii,

42 1695 228 1776 explicandos.
274 1695 351 1760 Tale
382 1697 482 1782 igitur
514 1697 665 1782 quiddam
701 1697 752 1761 bis
789 1697 900 1761 diebus
936 1696 972 1759 in

41 1779 180 1866 Propertio
221 1785 384 1869 praestiti,
421 1789 453 1849 et
489 1808 561 1850 cum
598 1785 778 1850 admirabili
815 1785 971 1850 desiderio

41 1872 140 1936 tenerer
163 1874 352 1938 insinuandi
378 1896 429 1938 me
462 1876 569 1959 aliqua
599 1875 635 1939 in
667 1874 841 1938 amicitiam
872 1877 972 1955 tuam,

42 1957 85 2022 iter
121 1963 198 2028 mihi
245 1964 286 2028 ad
327 1984 397 2029 eam
437 1965 639 2047 praemunire
679 1963 741 2050 hoc
781 1961 972 2026 munusculo

14 2085 15 2088 =
42 2049 113 2114 uolui.

14 2191 15 2200 ,
89 2137 129 2204 Ut
154 2145 263 2206 autem
296 2163 316 2205 a
345 2145 378 2207 te
409 2143 561 2227 cognosci
592 2162 753 2227 cuperem,
784 2161 826 2204 ne
856 2138 973 2222 vivam,
1017 2138 1049 2200 '.

44 2225 127 2292 sime
153 2234 209 2295 aut
243 2229 385 2314 divitiae,
418 2233 534 2315 quibus
566 2232 723 2314 abundas,
758 2231 815 2294 aut
846 2228 973 2314 generis

43 2314 75 2376 tui
90 2317 223 2404 claritas,
247 2322 304 2383 aut
322 2320 496 2404 quidquam
515 2321 649 2406 denique
672 2321 799 2406 praeter
816 2317 974 2382 maximas

43 2403 94 2468 tuas
114 2410 143 2471 et
162 2408 231 2472 iam
257 2429 344 2473 nuno
366 2410 510 2474 omnium
533 2430 679 2473 sermone
706 2407 974 2472 celebratissimae

43 2490 149 2560 muns
174 2497 331 2562 incitavit.
376 2496 462 2562 Nam
489 2498 728 2582 opulentorum,
756 2497 810 2581 qui
837 2495 975 2560 honesta

44 2583 125 2647 studia
145 2591 311 2669 spernant,
333 2608 401 2650 non
422 2588 518 2652 modo
536 2609 604 2651 non
622 2586 744 2650 ambire
762 2607 799 2649 ae
817 2583 975 2668 persequi,
1021 2599 1023 2603 ’

45 2669 82 2732 sed
108 2676 270 2756 aspernari
302 2675 400 2738 ctiam
433 2697 469 2739 ac
505 2675 651 2760 refugere
688 2673 845 2738 amicitias
878 2673 975 2754 soleo,

45 2776 91 2822 non
109 2765 203 2827 semel
227 2767 388 2848 expertus,
414 2765 497 2828 nihil
520 2785 589 2828 esse
612 2763 768 2827 eiusmodi
789 2761 975 2826 hominibus

45 2849 284 2930 l⁰etlneicepov3
318 2854 444 2937 generis
477 2856 584 2917 autem
611 2852 764 2916 nobilitas
791 2851 827 2914 in
852 2850 893 2913 iis
922 2850 975 2913 dc·

45 2952 111 3000 mum
141 2939 240 3004 habet
276 2941 398 3026 aliquid
434 2941 651 3027 gloriandum,
688 2941 743 3024 qui
779 2938 903 3003 faciunt
933 2937 976 3021 id,

46 3025 109 3101 quod
127 3030 174 3113 tu,
200 3030 262 3094 hoc
285 3033 347 3114 est,
374 3031 409 3094 in
435 3032 488 3114 iis,
516 3030 571 3116 qui
599 3029 687 3094 omni
716 3049 775 3111 ope
798 3026 977 3090 moliuntur

46 3109 155 3199 efficere,
180 3121 218 3180 ut
244 3139 285 3182 ne
312 3118 419 3183 minus
446 3119 509 3202 ipsi
537 3115 715 3202 splendoris
743 3115 880 3200 posteris
909 3115 976 3179 suis

46 3201 199 3288 tradidisse,
232 3229 329 3292 quam
357 3230 377 3271 a
403 3208 578 3272 maioribus
607 3206 765 3289 accepisse
797 3203 977 3269 videantur.

47 3281 134 3372 ltaque
155 3295 264 3359 colunt
285 3300 318 3359 te
341 3296 469 3381 quidem
496 3297 643 3359 homines
667 3300 699 3358 et
726 3295 912 3377 observant,
939 3297 978 3356 nt

47 3380 133 3461 magni
164 3383 249 3449 illius
284 3383 479 3449 Ferdinandi
516 3383 700 3469 Gonzagae,
738 3382 977 3466 sapientissimi,

47 3459 199 3556 fortissimi,
238 3473 488 3538 fortunatissimi
528 3473 731 3556 imperatoris
768 3471 883 3554 filium,
921 3470 978 3533 sed

48 3554 125 3622 multo
145 3562 189 3646 te,
211 3561 291 3627 mihi
313 3562 417 3646 crede,
440 3563 618 3645 impensius
641 3563 763 3643 colunt,
792 3558 877 3643 quod
904 3569 979 3622 eam
