2328 3956
338 220 518 276 EPISTULA
535 220 670 278 LXXVII.
919 225 980 290 107

50 391 78 432 ac
96 367 178 452 copia
198 370 306 432 tecum
328 387 367 432 ex
388 365 483 432 huius
511 368 626 433 aetatis
648 367 834 434 hominibus
856 370 980 453 paucis-

50 457 129 522 simos
142 477 330 540 comparem,
352 456 515 520 neminem
530 459 613 521 certe
628 459 832 540 anteponam.
868 456 981 542 ltaque

50 545 154 629 quoties
176 545 256 608 mihi
279 544 371 628 copia
393 545 455 608 fuit
467 544 644 628 hominum,
668 545 723 630 qui
745 549 777 610 te
791 545 981 612 familiarius

48 637 168 717 nossent,
191 633 384 718 quaerebam
407 633 548 698 studiose
563 633 601 696 de
624 637 666 717 te,
689 634 727 698 de
741 635 885 700 moribus
907 636 982 721 tuis,

48 719 124 806 (quos
145 725 254 795 tamen
276 721 355 786 satis
385 721 465 786 mihi
486 721 618 787 videbar
641 743 658 786 e
682 722 808 806 scriptis
838 724 903 788 tuis
925 724 982 788 ha-

48 811 106 875 bere
125 808 332 896 perspectos,)
357 810 395 874 de
408 814 466 876 tua
478 810 670 894 valetudine,
694 811 732 875 de
754 813 825 876 toto
845 811 981 898 denique

48 921 134 964 rerum
155 903 285 964 tuarum
307 902 408 963 statu:
431 902 469 963 ut
491 920 602 964 omnes
624 899 718 964 facile
741 903 907 964 cernerent
929 923 981 966 ou-

47 987 194 1070 piditatem
240 987 481 1052 constituendae
526 991 633 1052 tecum
673 987 832 1054 amicitiae
868 1010 982 1056 meam.

47 1075 124 1140 Nunc
144 1079 176 1141 te
200 1098 327 1162 quoque
350 1097 427 1162 erga
440 1097 491 1141 me
515 1075 627 1141 eodem
641 1077 748 1143 animo
762 1077 861 1162 fuisse
875 1078 982 1143 video:

47 1185 131 1249 neque
167 1166 343 1251 quidquam
375 1188 395 1230 a
426 1165 621 1250 perfectione
658 1166 817 1231 amicitiae
852 1171 983 1231 nostrae

47 1253 116 1317 aliud
137 1255 262 1337 aberat,
293 1277 391 1339 quam
416 1257 454 1318 ut
479 1257 612 1338 uterque
639 1257 830 1340 agnosceret
852 1255 982 1320 alterius

48 1362 107 1426 erga
137 1363 170 1407 se
201 1343 411 1408 voluntatem.
465 1341 613 1407 Antehac
650 1343 736 1407 enim
768 1346 836 1408 erat
867 1339 983 1408 εὔνοια

47 1427 106 1512 μὲν,
127 1427 347 1496 λανθάνουσα
375 1429 422 1496 δέ.
467 1429 555 1508 Quae
583 1453 656 1496 cum
679 1453 712 1496 se
741 1431 873 1496 tandem
895 1435 983 1515 pate-

47 1519 150 1604 fecerit,
174 1520 276 1586 serius
300 1520 437 1606 quidem,
460 1542 558 1606 quam
579 1543 639 1604 par
661 1523 730 1586 erat
752 1523 785 1584 et
808 1541 905 1605 quam
923 1541 983 1606 ego

47 1629 188 1693 euperem,
213 1631 332 1694 quaeso
355 1613 402 1693 te,
425 1609 470 1674 mi
494 1607 647 1694 Oorrade,
674 1605 736 1696 (ita
758 1609 844 1672 enim
870 1630 984 1674 vocare

46 1699 70 1759 te
85 1720 173 1781 posse
186 1697 322 1784 videon)
345 1717 472 1783 quaese,
494 1697 636 1784 inquam,
657 1701 699 1782 te,
720 1697 831 1762 demus
845 1719 984 1782 operam,

47 1787 73 1848 ut
98 1807 166 1852 eem
198 1809 259 1870 pro
296 1808 353 1852 sua
388 1789 522 1871 uterque
557 1790 649 1870 parte
681 1786 770 1852 omni
806 1786 985 1851 officiorum

47 1893 144 1956 genere
167 1897 266 1960 quam
291 1875 534 1960 diligentissime
562 1875 714 1940 colamus.
758 1873 843 1960 Ego,
867 1875 944 1958 quid
966 1897 986 1938 a

47 1983 85 2026 ne
105 1965 163 2028 tibi
190 1965 349 2048 praestari
375 1960 491 2048 possit,
513 1963 658 2028 nondum
680 1963 786 2048 video,
815 1963 894 2026 illud
917 1963 985 2047 qui-

48 2050 105 2116 dem
125 2053 185 2117 tibi
210 2053 299 2118 omni
322 2053 557 2118 asseveratione
580 2053 743 2136 confirmo,
766 2051 794 2116 si
817 2051 894 2135 quid
916 2071 985 2114 eve-

47 2141 122 2224 nerit,
143 2142 179 2206 in
203 2163 267 2228 quo
289 2144 326 2206 tu
348 2141 527 2226 perspicere
551 2141 692 2206 studium
720 2159 796 2225 erga
823 2143 856 2204 te
879 2160 987 2203 meum

47 2229 117 2314 velis,
139 2233 326 2296 curaturum
340 2251 400 2314 me,
422 2233 459 2293 ut
480 2251 514 2293 re
536 2229 608 2313 ipse
629 2229 802 2314 intelligas,
824 2227 986 2292 neminem

47 2316 94 2380 tibi
114 2339 192 2404 esse,
216 2341 313 2404 quam
327 2337 387 2403 ego
411 2339 491 2402 sum,
513 2339 585 2382 vere
609 2321 705 2403 atque
729 2339 767 2382 ex
785 2317 893 2383 animo
908 2316 986 2382 ami-

47 2405 157 2474 ciorem.
203 2407 295 2473 Vale.
317 2405 448 2472 Romae.
471 2423 539 2471 XIV.
562 2405 634 2471 Kal.
657 2406 752 2472 Iunii.

431 2635 591 2702 LXXVII.

222 2764 270 2838 Μ.
298 2763 540 2838 ANTONIUS
568 2760 791 2836 MURETUS

289 2899 442 2956 nucum
461 2898 631 2956 marum
652 2897 731 2954 sue.

100 3023 171 3093 Nisi
193 3049 245 3093 me
267 3028 328 3093 tibi
350 3029 432 3093 bene
454 3030 570 3092 notum
592 3047 662 3092 esse
681 3022 880 3106 confiderem,
902 3021 988 3087 Mar·

48 3111 102 3178 tine
124 3117 244 3200 optime
267 3120 301 3181 et
313 3116 554 3201 humanissime,
577 3115 668 3181 valde
682 3133 817 3198 vererer,
838 3131 880 3176 ne
903 3112 989 3196 apud

49 3203 247 3270 tevenissem
275 3206 310 3270 in
336 3226 491 3291 magnam
518 3205 703 3289 opinionem
729 3221 797 3267 non
825 3199 988 3266 tarditatis

50 3292 142 3376 modo,
172 3317 192 3358 a
222 3314 284 3379 quo
314 3295 392 3360 vitio
427 3315 478 3359 me
507 3291 670 3358 interdum
701 3312 769 3356 non
799 3289 988 3375 longissime

49 3378 144 3446 abesse
167 3382 285 3467 fateor,
307 3383 363 3448 sed
386 3383 485 3448 etiam
499 3382 576 3466 eius,
600 3405 619 3446 a
638 3403 702 3467 qua
725 3400 850 3464 semper
874 3377 988 3442 abhor-

50 3468 101 3552 rui,
120 3471 374 3538 inhumanitatis.
420 3471 473 3536 Ad
495 3471 620 3536 litteras
643 3469 742 3553 enim,
770 3490 850 3554 quas
874 3465 914 3530 ed
937 3485 988 3528 mc

50 3555 235 3637 plenissimas
259 3562 377 3627 amoris
401 3565 434 3626 et
457 3560 555 3626 officii
570 3557 700 3624 Lutetia
718 3558 756 3621 de
779 3575 888 3620 mense
912 3549 987 3637 Sep-
