2326 3942
360 203 568 259 remunero
588 203 621 260 v.
908 207 976 273 215

46 349 176 432 planeque
198 346 327 431 iudicet,
354 349 477 412 nullam
504 349 543 413 iis
572 351 794 436 attingendam
823 373 892 417 esse
915 353 977 417 rei-

45 436 164 518 publicae
181 440 317 519 partem,
337 437 391 521 qui
409 439 576 502 commodo
596 462 632 504 ac
652 440 880 526 tranquillitati
899 463 976 506 suae

46 526 198 588 consultum
229 525 350 589 velint?
397 524 480 601 Quid
511 527 576 590 iam
609 529 680 592 illos
712 529 870 612 turbines,
903 531 976 595 illas

45 613 186 698 proeellas,
222 614 293 678 illas
325 618 533 698 tempestates
566 617 706 680 civilium
739 619 976 683 dissensionum

46 701 285 766 commemorem?
313 703 427 787 quibus
451 725 518 768 non
544 727 627 768 unus
652 709 707 770 aut
730 707 810 770 alter
833 708 976 790 praecla-

45 811 84 853 rus
102 795 130 855 ct
151 791 298 856 salutaris
321 793 513 876 reipublicae
537 793 614 858 civis
637 795 801 877 perculsus
830 799 891 879 est,
920 795 978 859 sed

45 879 91 960 ipsi
125 881 238 964 acervi,
279 881 350 964 ipsa
386 882 488 946 millia
524 882 767 948 immortalitate
804 885 977 969 dignorum

45 967 183 1034 hominum
224 969 355 1046 nefariis
392 971 772 1037 consceleratissimorum
812 974 977 1054 latronum

45 1057 166 1122 manibus
197 1059 357 1124 trucidata
383 1059 557 1124 iacuerunt.
604 1060 630 1126 Ο
660 1061 809 1126 acerbum
837 1062 917 1126 illud
944 1065 978 1126 et

44 1149 81 1212 rel
101 1148 233 1213 Romani
247 1148 401 1212 'nominis
428 1149 575 1214 hostibus
602 1150 784 1214 miserabile
813 1155 977 1234 spectacu-

45 1238 105 1302 lum!
130 1259 198 1302 cum
226 1237 348 1320 passim
375 1258 431 1321 per
455 1239 522 1302 vias
546 1238 736 1304 immanium
760 1241 977 1323 gladiatorum

45 1327 69 1390 iu
95 1327 248 1411 principes
290 1325 427 1390 civitatis
464 1327 719 1392 debacchabatur
754 1329 857 1411 furor3
894 1351 977 1410 cum,

45 1417 84 1499 qui
114 1415 283 1502 aliquando
319 1415 510 1500 reipublicae
546 1416 706 1500 praesidio
748 1415 888 1500 fuerant,
930 1417 976 1480 eis

45 1507 141 1570 nullum
171 1507 207 1571 in
240 1505 381 1568 civitate.
399 1505 594 1588 praesidium
625 1504 857 1588 reperiebatur3
895 1527 978 1588 cum,

46 1617 153 1676 quorum
180 1593 365 1676 eloquentia
392 1593 470 1677 ipsis
499 1594 633 1679 gloriae,
661 1593 732 1658 aliis
762 1594 977 1677 admirationi,

45 1684 208 1766 reipublicae
225 1682 322 1746 saluti
345 1682 461 1766 fuerat,
485 1705 596 1748 eorum
615 1705 654 1748 ex
675 1683 739 1747 illis
754 1683 833 1767 ipsis
854 1684 977 1767 rostris,

45 1773 176 1857 equibus
199 1778 270 1838 tam
294 1792 388 1854 saepe
412 1773 594 1837 concionati
618 1775 722 1855 erant,
745 1772 854 1837 incisis
879 1773 978 1838 eervi-

15 1891 16 1922 2
45 1862 123 1947 cibus,
144 1865 252 1947 capita
275 1860 523 1944 sanguinolenta
545 1861 740 1947 pendebant.
799 1875 802 1878 '

92 1949 146 2018 Sed
176 1957 213 2017 ut
246 1953 325 2017 haec
356 1951 536 2033 mittamus,
573 1951 689 2036 quibus
721 1950 800 2014 satis
832 1949 979 2014 dolenter

15 2069 16 2102 1
45 2039 220 2122 deplorandis
251 2039 535 2121 alicuius-eorum,
564 2039 619 2122 qui
646 2043 723 2103 tunc
751 2038 979 2122 occubuerunt,

45 2148 103 2210 opus
123 2134 204 2194 esset
227 2129 373 2216 ingenio:
406 2127 569 2194 Ciceronis
592 2149 684 2193 casus
707 2127 870 2212 totiusque
892 2129 978 2192 vitae

45 2215 147 2284 iactatio
171 2240 267 2302 quem
295 2240 374 2300 non,
403 2219 457 2303 qui
480 2219 515 2282 in
537 2218 677 2282 iuvanda
702 2217 809 2300 patria
837 2237 977 2282 commo-

45 2304 100 2372 dum
117 2329 205 2372 suum
225 2313 283 2372 aut
301 2309 430 2393 aliquod
449 2305 606 2372 eiusmodi
624 2306 803 2390 praemium
817 2311 979 2390 sequatur,

45 2396 266 2482 areipublioae
302 2399 494 2462 tractatione
520 2394 711 2474 deterreat?
756 2392 854 2460 Cuius
891 2396 978 2460 enim

45 2504 159 2570 unquam
185 2485 328 2550 hominis
355 2488 405 2550 vel
431 2486 525 2570 plura
552 2487 603 2550 vel
629 2485 753 2548 maiora
779 2484 894 2548 merita
921 2507 978 2567 po-

45 2575 115 2652 pulus
135 2576 301 2642 Romanus
324 2576 460 2640 habuit?
488 2573 534 2638 At
552 2573 605 2638 ille
627 2576 750 2656 tamen,
774 2573 825 2637 cui
848 2577 979 2638 senatus

44 2662 131 2744 togato
153 2665 421 2750 supplicationem
444 2665 638 2747 decreverat,
662 2683 757 2748 quem
781 2661 816 2738 Q.
836 2658 980 2746 Catulus,

46 2751 165 2838 princeps
193 2757 339 2840 senatus,
367 2775 462 2840 quem
489 2751 532 2816 M.
556 2749 651 2836 Cato,
679 2772 774 2839 quem
801 2749 908 2850 multi·
923 2751 980 2814 alii

45 2846 182 2916 patenam
213 2843 339 2928 patriae
371 2841 578 2908 meritissimo
616 2841 822 2923 vocaverant,
859 2859 911 2902 cur
942 2838 978 2904 L.

46 2923 142 2996 Gellius
164 2953 317 2998 coronam
340 2933 472 2998 civicam
492 2954 511 2996 a
533 2930 697 3015 republica
719 2927 828 2992 deberi
846 2926 980 3011 dixerat,

46 3017 102 3096 quid
120 3042 183 3088 non
200 3026 314 3106 postea
337 3023 569 3102 calamitatum,
591 3019 835 3105 indignitatum,
858 3015 979 3080 acerbi-

46 3104 126 3172 tatum
138 3111 171 3176 in
184 3133 239 3194 ea,
255 3131 336 3196 quae
351 3112 453 3202 ipsius
467 3108 609 3176 consiliis
624 3110 744 3188 stabat,
764 3104 892 3168 civitate
906 3126 980 3187 per-

46 3211 133 3270 pessus
159 3201 229 3264 cst?
265 3199 339 3282 lpse
367 3201 402 3263 in
429 3200 559 3264 exilium
587 3199 627 3262 ab
655 3195 785 3262 homine
812 3193 980 3258 teterrimo

46 3281 142 3370 pulsus,
155 3287 278 3372 direpta
292 3289 386 3371 bona,
400 3293 515 3354 vexata
524 3309 613 3371 uxor,
627 3287 733 3351 vexati
747 3283 848 3369 liberi,
863 3283 979 3348 domus

46 3365 163 3458 incensa3
187 3377 338 3462 quicquid
361 3378 496 3462 denique
519 3378 680 3440 meruerat
698 3371 842 3456 Clodius,
866 3370 978 3436 Cicero

47 3462 172 3547 Perbtlit,
190 3469 222 3530 et
245 3487 299 3530 eas
323 3466 364 3530 ob
391 3467 479 3550 ipsas
501 3487 552 3530 res
576 3465 720 3549 pe1tulit,
749 3461 864 3548 quibus
887 3460 980 3560 milla

47 3547 107 3613 satis
135 3555 238 3638 ampla
269 3555 413 3639 praemia
443 3557 594 3638 poterant
630 3552 775 3618 inveniri.
822 3547 981 3624 Quocnrca
