2330 3944
393 225 530 282 ORATIO
550 227 623 281 XIII.
924 227 986 292 129

45 369 248 435 amantissimi
270 370 432 435 sententia
455 371 637 435 evolvemus
657 375 690 435 et
708 373 904 436 excutiemus
922 395 988 438 una

43 461 93 524 hoc
127 479 232 543 anno,
274 459 447 540 auditores,
489 456 692 544 Sallustium,
731 460 793 524 hoc
829 465 879 525 est
914 483 989 526 eum

43 548 234 631 scriptorem,
266 547 317 611 cui
348 547 524 630 antiquitas
556 547 710 612 historiae
737 547 903 614 Romanae
935 549 988 613 de-

43 637 106 699 tulit
139 635 367 720 principatum.
421 635 473 699 Ad
515 657 610 720 quem
646 638 918 721 cognoscendum,
959 637 987 700 si

43 747 90 788 ros
118 745 231 808 parem
259 745 347 788 meae
379 724 572 788 industriam
604 744 642 789 ao
674 725 874 809 diligentiam
901 725 987 789 adle-

44 813 122 896 rctis,
147 832 304 897 magnam
333 812 398 876 vim
426 834 464 876 ex
487 813 555 877 eius
585 813 714 896 scriptis
742 835 815 876 cum
837 812 906 876 Deo
934 835 989 877 vo-

44 902 117 964 lente
152 902 186 964 et
224 900 425 983 eloquentiae
463 903 496 964 et
532 901 708 984 sapientiae
744 904 989 984 praeceptorum

45 989 229 1089 colligemus

101 1073 193 1142 Sed
183 1077 331 1160 inprimis
354 1098 458 1161 pauca
481 1076 639 1161 quaedam
662 1077 700 1142 de
723 1078 917 1143 historiam
935 1098 989 1164 ge-

43 1186 109 1228 nere
114 1174 249 1248 ,prauca
278 1165 316 1228 de
340 1162 493 1230 Sallustio
517 1164 631 1249 dicam,
654 1187 735 1249 quae
758 1166 908 1231 instituto
931 1187 989 1230 no·

44 1257 102 1317 stro
122 1275 190 1316 non
209 1253 368 1317 inutiliter
386 1217 649 1356 praefulciantuh,
659 1275 696 1318 ac
715 1255 989 1338 praemuniantur.

44 1341 85 1405 Ac
105 1341 142 1405 de
163 1341 302 1406 historia
325 1341 454 1424 quidem
481 1341 574 1407 haee:
601 1342 740 1426 primurn
768 1342 844 1426 quid
873 1343 915 1408 sit
941 1342 990 1406 hi-

44 1430 145 1513 storie3
165 1429 280 1494 deinde
300 1452 397 1514 quam
414 1432 539 1515 pulcra,
557 1452 655 1514 quam
672 1431 812 1494 iucunda
830 1451 989 1514 quamque

45 1519 121 1582 utilis
149 1519 192 1582 sit
219 1519 427 1583 historiarum
455 1519 614 1604 cognitio,
642 1522 713 1583 tum
740 1540 821 1602 quae
849 1519 915 1582 sint
941 1517 990 1582 hi-

46 1607 151 1671 storiae
187 1607 290 1692 leges3
330 1611 494 1691 postremo
531 1608 566 1672 in
607 1607 816 1671 historiarum
851 1607 990 1671 lectione

46 1696 238 1760 versantibus
270 1717 351 1780 quae
383 1696 587 1781 potissimum
619 1695 819 1760 observanda
848 1695 927 1780 sint,
958 1699 992 1758 et

46 1784 194 1866 quomodo
218 1784 254 1847 in
276 1805 315 1850 ea
336 1805 371 1848 re
394 1805 418 1848 a·
435 1785 597 1869 plerisque
619 1788 777 1868 peccetur.

101 1870 305 1956 Cornificius,
323 1894 379 1937 seu
398 1873 469 1956 quis
488 1873 571 1938 alius
590 1877 652 1956 est,
671 1873 726 1956 qui
745 1872 873 1956 scripsit
890 1872 991 1936 libros

47 1959 281 2026 Rhetoricorum
300 1960 340 2025 ad
359 1956 612 2048 Herennium*),
634 1962 774 2044 itemque
793 1959 903 2024 Cicero
922 1961 991 2043 ipse

48 2047 118 2114 libro
130 2050 238 2134 primo
253 2049 292 2113 de
305 2045 563 2133 Inventione**),
576 2051 624 2113 ite
636 2049 806 2114 historiam
820 2048 991 2112 definiunt:

47 2135 179 2203 Historia
196 2142 242 2203 est
258 2158 306 2202 res
325 2143 422 2221 gesto,
444 2139 498 2203 aad
518 2138 557 2203 ab
578 2139 689 2203 aetatis
706 2142 828 2202 nostae
844 2137 993 2200 memmio

46 2231 157 2290 renota.
204 2225 245 2290 In
275 2226 337 2291 hac
370 2226 569 2309 definitione,
603 2230 682 2310 quot
713 2226 825 2308 verba,
856 2224 994 2290 totidem

46 2335 133 2398 prope
161 2318 296 2399 peccata
324 2319 409 2380 sunt.
447 2313 591 2380 Primum
618 2314 756 2380 historia
778 2335 845 2378 non
869 2316 918 2378 est
940 2335 992 2377 res

45 2407 139 2488 gesta,
171 2403 228 2468 sed
255 2403 302 2466 rei
330 2406 440 2488 gestae
468 2403 626 2487 expositio
655 2424 692 2468 ac
723 2402 875 2467 narratio.
916 2399 994 2466 Non

46 2491 120 2555 eninr
145 2493 221 2576 ipsa
248 2492 427 2558 coniuratio
456 2489 614 2556 Catilinae
647 2494 704 2556 aut
734 2491 855 2556 bellum
886 2490 993 2574 ipsum

45 2576 265 2663 Iugurthinum
296 2580 432 2645 historia
464 2583 527 2662 est,
565 2601 669 2663 neque
700 2579 763 2644 hoc
794 2579 857 2663 ipsi
889 2577 993 2642 dicere

45 2668 221 2751 voluerunt3
244 2666 300 2732 ssd
322 2668 369 2751 id,
392 2667 478 2752 qnod
502 2668 698 2750 sentiebant,
720 2689 789 2740 non
811 2667 890 2730 satis
908 2687 994 2730 com·

45 2756 125 2820 node
155 2756 277 2821 elocuti
304 2760 389 2821 sunt.
430 2755 544 2840 Itaque
573 2756 773 2822 condonetur
803 2755 865 2819 hoc
893 2754 994 2838 negli-

45 2846 163 2925 gentiae
195 2845 408 2928 ipsorum,e
391 2845 452 2909 etsi
483 2866 579 2910 nemo
611 2845 646 2908 in
677 2843 773 2908 rebus
805 2841 994 2906 definiendis

45 2933 206 3018 negligens
231 2953 301 2998 esse
324 2932 428 2998 debet
467 2931 530 2998 Sed
553 2933 639 3017 quod
662 2931 867 3012 addiderunt,
893 2931 994 2995 histo

46 3019 116 3085 riam
143 3042 214 3086 non
242 3043 325 3106 esse,
357 3022 421 3087 nisi
449 3044 530 3106 quae
559 3022 600 3086 ab
629 3021 725 3086 aetat
717 3043 744 3084 rs
702 2983 903 3084 tnostiac
930 3037 995 3084 me·

45 3109 135 3174 moria
155 3114 282 3176 remota
300 3111 355 3194 sit,
378 3111 468 3175 cuius
491 3131 610 3195 quaeso
630 3109 788 3174 amentiae
807 3107 878 3172 est?
905 3105 995 3192 Ergo

45 3196 66 3258 si
86 3200 158 3282 quis
185 3198 283 3264 hodie
311 3198 350 3263 de
373 3197 569 3264 Romuloet
590 3199 693 3265 Remo
722 3196 855 3280 scribat,
827 3196 996 3262 tfatebi·

44 3304 116 3370 nur,
150 3309 226 3352 eum
256 3287 426 3354 historiam
459 3289 610 3371 seribere,
647 3289 674 3353 si
711 3287 750 3352 de
786 3248 921 3351 bellis
912 3291 961 3350 int
962 3307 998 3350 cr

44 3337 185 3441 Cardlum
217 3373 259 3442 V.
291 3379 325 3440 et
355 3373 563 3443 Franciscum
590 3377 615 3443 L
647 3379 720 3463 gest
721 3376 764 3461 is,
796 3375 997 3461 negabimus,

9 3635 10 3644 ἵ
85 3568 255 3635 *)1.8.13.
332 3572 543 3638 **)c.19.2'l.

9 3667 10 3677 ¹
87 3664 233 3709 Munnros.
820 3661 835 3708 9
