2368 3956
383 171 501 230 CAPUT
520 172 642 228 XLVIII.
925 170 990 237 183

35 316 245 402 Hippocrates
276 319 399 383 narrat:
431 339 505 384 cum
535 319 621 403 apud
652 341 707 386 eos
734 317 903 403 pulchrum
933 317 988 383 ha-

36 406 160 470 beretur
182 406 323 492 oblongo
347 407 450 491 capite
480 427 563 491 esse,
590 408 633 474 ob
660 408 756 494 idque
778 406 918 472 nutrices
941 427 989 470 re·

37 516 108 560 cens
141 494 301 560 editorum
335 495 510 560 infantium
546 497 667 561 tenella
702 497 809 582 capita
840 494 990 560 manibus

37 583 260 649 contrectando
292 605 329 649 ac
366 585 605 669 comprimendo
642 586 811 670 globosam
843 588 876 648 ct
906 583 989 648 orbi-

37 673 171 736 cularem
198 672 336 757 figuram
363 677 603 758 corrumperent
629 695 729 759 eaque
751 672 956 757 fastigiarent
964 669 989 758 ¹)

39 781 72 824 ac
92 760 200 826 fasciis
224 760 322 826 etiam
345 761 498 827 adstricta
519 762 555 828 in
577 783 713 828 acumen
735 781 874 828 crescere
897 781 990 846 coge-

39 851 118 932 rent,
131 850 289 932 paulatim
304 850 445 916 studium
458 851 494 915 in
507 854 658 917 naturam
671 851 814 935 vertisse,
826 852 864 914 ut
878 869 990 915 omnes

40 958 72 1000 ea
93 938 128 1000 in
142 941 240 1022 gente
254 938 404 1024 oblongis
418 939 577 1023 capitibus
590 943 807 1021 nascerentur,
830 958 870 1002 ex
890 957 991 1021 eoque

39 1023 295 1111 Macrocephalos
316 1027 434 1092 vocari.
470 1027 560 1092 Idem
575 1031 608 1092 at
629 1027 735 1116 hodie,
757 1027 841 1093 serio
854 1047 898 1092 an
911 1025 991 1110 ioco,

40 1113 191 1200 degente
214 1114 353 1182 suadem
375 1115 411 1181 in
432 1115 528 1182 Italia
551 1115 676 1184 dicitur.

356 1361 500 1431 CAPUT
520 1363 670 1430 XLVIII.

117 1481 167 1538 ou
186 1481 411 1555 oumusoau,
430 1485 493 1552 our
511 1485 640 1541 muoso
659 1483 757 1541 suun
776 1483 906 1540 conon.

114 1591 329 1660 Aristomenis
360 1593 526 1679 Messenii,
557 1593 612 1679 qui
642 1597 803 1659 trecentos
835 1592 992 1659 Lacedae-

43 1681 162 1746 monios
190 1682 362 1769 occiderat,
390 1684 507 1769 quique
535 1687 568 1749 et
594 1682 784 1750 fortitudine
812 1687 845 1748 ct
872 1681 992 1748 callidi·

43 1771 104 1834 tate
124 1771 343 1854 praestiterat,
365 1772 484 1837 mortui
507 1793 562 1838 cor
583 1771 705 1837 hirtum
724 1775 757 1836 et
779 1771 879 1837 densa
901 1769 994 1856 quasi

45 1857 117 1922 silva
137 1860 277 1942 pilorum
292 1859 432 1925 obsitum
445 1864 607 1945 repertum
622 1881 691 1926 esse
713 1859 813 1925 tradit
826 1856 992 1942 Plinium).

45 1944 124 2011 Idem
147 1948 186 2012 de
209 1947 374 2033 Lysandro
396 1947 664 2032 Lacedaemonio,
691 1949 747 2033 qui
774 1951 807 2012 et
832 1948 901 2031 ipse
923 1949 994 2010 tum

46 2034 244 2115 fortissimus,
270 2041 339 2102 tum
367 2038 583 2104 astutissimus
611 2037 687 2122 fuit,
718 2035 831 2101 Graeci
862 2035 994 2121 quidam

46 2125 207 2190 memoriae
233 2125 451 2210 prodiderunt.
500 2125 574 2211 Ipse
598 2147 724 2212 quoque
752 2124 906 2206 memini„
920 2145 993 2188 oum

46 2209 182 2277 Venetiis
212 2234 328 2298 essem,
360 2217 524 2299 sumptum
556 2236 626 2280 esse
656 2213 769 2299 eapitis
802 2211 994 2296 supplicium

48 2299 80 2363 de
99 2301 201 2366 nobili
224 2303 363 2387 quodam
386 2303 524 2387 latrone,
548 2303 694 2388 quicum
718 2325 738 2368 a
760 2301 908 2366 carnifice
931 2299 993 2364 dis-

48 2394 211 2473 secaretur,
234 2391 327 2456 corde
350 2392 522 2457 admodum
544 2393 649 2476 piloso
667 2393 813 2475 repertus
836 2393 894 2455 ost.
929 2387 994 2454 Ro·

47 2475 125 2542 boris
152 2479 298 2565 quidam,
329 2481 467 2546 astutiae
499 2483 533 2546 et
564 2480 748 2544 calliditatis
776 2478 831 2544 alii
861 2497 929 2543 esse
960 2476 995 2542 id

48 2571 263 2650 argumentum
289 2570 411 2634 volunt.
455 2568 507 2633 Ab
534 2569 660 2654 ingenti
683 2572 767 2633 certe
795 2569 899 2632 calore
921 2587 994 2649 pro·

48 2651 201 2740 ficisdtur',
233 2677 297 2742 quo
325 2658 380 2742 qui
408 2657 586 2740 abundant,
612 2657 637 2721 ii
663 2661 697 2721 et
722 2655 848 2720 robusti
870 2675 939 2719 esse
962 2657 996 2717 et

48 2743 143 2808 callidi
157 2745 272 2810 solent.
308 2743 578 2828 Itaqueeruditus
593 2749 627 2810 et
644 2744 875 2830 grandiloquus
889 2743 995 2827 poeta,

49 2826 185 2912 Nonnus,
202 2833 285 2898 libro
311 2831 463 2920 XXVP).
490 2832 711 2916 Dionysiacon
743 2829 865 2898 Sabiris
893 2851 994 2915 popu·

48 2915 81 2981 lis
101 2921 145 2984 ait
167 2942 237 2986 esse
260 2942 315 2986 cor
338 2922 445 2988 densis
461 2922 614 2988 vestitum
635 2922 724 3007 pilis,
745 2920 880 3005 ideoque
898 2918 995 2984 auda·

49 3005 183 3074 cissimos
206 3030 288 3094 esse,
315 3031 418 3096 neque
451 3032 594 3095 unquam
620 3010 656 3074 in
686 3008 817 3093 proeliis
844 3010 996 3072 metuere.

88 3117 162 3192 Τοῖς
175 3116 228 3180 ἔπι
242 3119 426 3182 Δνσσαίων
439 3113 576 3182 πυκιναὶ
590 3119 712 3200 στίχες,
732 3105 799 3180 οἷσι
813 3109 868 3178 καὶ
882 3106 996 3178 αὐτῶν

87 3199 209 3290 Φρικτὰ
230 3203 465 3291 δασυστέρνων
483 3200 679 3290 ἐκορύσσετο
699 3203 790 3290 φῦλα
808 3203 997 3289 Σαβείρων.

112 3375 132 3446 ¹)
150 3377 264 3434 Rectius
282 3380 454 3449 festiqureut.
490 3378 525 3436 D.
543 3379 577 3436 It.

113 3446 132 3514 ¹)
149 3448 218 3505 Hist.
239 3450 304 3506 Nat.
323 3452 369 3506 XI.
389 3457 431 3506 37.
452 3455 511 3506 184.

111 3515 170 3588 ³)v.
189 3527 232 3576 32.
251 3538 284 3576 ss.
