2330 3944
191 190 255 258 162
529 185 688 241 ORATIO
708 186 782 240 XVI.

188 334 272 400 serio
310 335 441 417 questus
480 335 542 418 est,
575 351 710 430 pravam
747 331 1007 396 consuetudinem
1033 331 1110 394 inole-

189 418 329 506 scere*).
356 419 503 485 homines
532 413 674 502 quotidie
698 419 913 500 summissius,
939 440 1028 502 quam
1050 419 1112 482 cole-

189 511 271 574 bant
274 508 403 594 ‚loqui
429 507 519 572 Idem
537 505 1112 589 hicquoqueevenit.Qui1ps1teue·

186 597 306 662 bras
296 619 332 662 ιιι
364 596 465 662 oculis
502 594 744 678 circumferunt,
781 594 1006 659 obscuritatem
1033 593 1113 658 Taciti

188 688 351 750 accusant.

254 771 301 838 At
323 793 417 857 asper
439 774 502 854 est,
524 771 630 854 inquit
652 770 748 853 alius,
771 773 804 836 et
823 768 983 854 Alciatus‚
1004 769 1114 832 amicum

189 861 252 926 sibi
273 861 438 926 hominem
460 857 586 924 lovium
608 858 758 941 laudans,
784 879 854 922 ιιοιι
877 861 928 922 est
949 858 1058 922 veritus
1076 857 1115 920 ιι-

190 970 262 1014 care
303 948 456 1014 historias
492 946 597 1010 Taciti
638 946 800 1010 senticeta.
850 945 1004 1011 Eiusdem
1042 945 1116 1028 plane

189 1036 299 1102 iudicii
325 1035 389 1100 fuit
414 1033 545 1100 laudare
567 1033 694 1098 lovium
721 1036 754 1098 et
777 1033 929 1100 Tacitum
956 1034 1116 1118 vituperare.

189 1123 281 1188 Nihil
312 1126 381 1188 tam
411 1121 564 1188 dissimile
595 1143 692 1206 quam
718 1121 803 1186 iuter
831 1143 865 1186 se
892 1121 929 1186 hi
956 1123 1024 1187 duo.
1059 1118 1117 1184 Non

191 1211 357 1295 displicere
392 1233 461 1276 non
490 1213 619 1294 poterat
651 1209 795 1293 Tacitus,
831 1210 883 1274 cui
920 1213 1011 1275 tanto
1044 1229 1117 1291 opere

190 1300 299 1365 Iovius
330 1300 529 1384 probaretur.
570 1297 737 1374 Quomodo
770 1301 880 1364 autem
911 1299 1017 1383 potuit
1003 1297 1118 1362 thomo

190 1392 260 1452 tam
285 1388 406 1454 teneris
432 1387 567 1473 pedibus
592 1390 662 1451 tam
688 1387 792 1450 multa
756 1387 979 1471 tspatiap
980 1407 1013 1450 er
1038 1382 1118 1449 Taciti

190 1480 323 1560 vepreta
354 1475 532 1542 conficere?
571 1472 641 1540 Nos
672 1496 748 1540 vero
779 1475 856 1539 huic
887 1475 979 1540 molli
1005 1495 1039 1538 ac
1063 1470 1118 1536 deli

192 1568 265 1629 cato
298 1565 448 1630 culcitam
479 1563 721 1630 substernamus
753 1566 786 1626 et
812 1563 964 1647 pulvinos
990 1581 1073 1628 rosae
1094 1579 1120 1621 ac

191 1652 296 1716 violae
318 1653 445 1734 plenos,
472 1652 564 1734 eique
587 1673 607 1714 a
628 1651 698 1716 Deo
721 1671 902 1734 precemur,
928 1655 968 1715 ut
994 1645 1120 1734 quidquid

193 1739 364 1803 calcaverit
390 1735 457 1822 hid,
484 1760 558 1802 rosa
587 1737 653 1802 fiat.
693 1737 812 1802 Videre
839 1739 919 1804 mihi
947 1739 1052 1804 videor
1074 1756 1121 1799 me-

192 1829 243 1890 ret
228 1826 341 1892 tricem
367 1825 595 1892 Terentianum
621 1826 657 1890 in
683 1847 785 1892 coena
810 1827 1015 1912 pitissantem
1040 1829 1069 1890 et
1088 1823 1122 1886 di·

193 1919 332 1982 centem.

338 2071 437 2140 Pater,
454 2073 503 2128 lade
520 2077 571 2126 eet.-
590 2001 775 2126 adstrictius
792 2072 868 2126 sodes
885 2073 1003 2143 cidc**)

192 2179 292 2246 Ferat
327 2182 391 2247 huc
427 2181 515 2245 ocius
551 2179 667 2263 aliquis
699 2179 830 2244 calicem
860 2181 1041 2266 mulsi‚ut
1027 2177 1125 2244 tflere

194 2292 260 2352 pup
239 2291 300 2352 pus
331 2268 384 2332 hic
417 2267 543 2332 desinat
574 2271 607 2332 et
634 2270 833 2332 contractam
861 2289 900 2332 ex
927 2267 1032 2333 Taciti
1056 2287 1125 2348 aspe-

194 2357 290 2420 ritate
317 2355 498 2421 molestiam
524 2355 617 2420 levet.
654 2353 833 2421 Offeramus
860 2357 890 2421 ei
913 2357 1035 2441 aliquid
1055 2352 1127 2432 Iovii,

196 2445 251 2528 qui
279 2465 312 2510 se
340 2444 487 2509 oblectet.
528 2441 561 2508 Is
589 2444 675 2508 enim
701 2444 808 2510 mollis
834 2447 923 2510 totus
952 2449 1015 2531 est,
1044 2461 1127 2540 neque

196 2533 370 2615 quidquam
396 2533 496 2597 habet
526 2531 708 2616 asperitatis
739 2532 839 2618 illius,
871 2554 953 2617 quae
985 2496 1079 2598 istum
1103 2529 1129 2592 iu

196 2619 309 2686 Tacito
338 2620 479 2686 offendit.
519 2618 596 2685 Non
627 2619 700 2684 fluit
730 2621 840 2706 modo,
871 2621 927 2686 sed
959 2626 993 2687 et
1023 2617 1129 2684 diffluit.

196 2705 248 2774 Sic
280 2712 374 2774 erant
405 2709 495 2794 olim,
531 2709 586 2792 qui
621 2707 752 2793 Virgilii
786 2731 955 2776 versusu
933 2706 1148 2790 uthorridos

194 2791 438 2882 rusticanosque
475 2798 642 2882 culparent
681 2797 848 2883 magisque
883 2797 1059 2884 probarent
1045 2794 1132 2861 tilla

194 2886 343 2954 molliora
366 2889 400 2951 et
420 2887 524 2952 leuius
549 2885 673 2950 cadent
649 2888 705 2970 tra,

511 2989 709 3060 Berecyntiae
726 2987 814 3054 Attis,

337 3060 378 3116 m
394 3067 506 3132 raptum
522 3061 621 3115 uitulo:

195 3171 301 3236 nostis
329 3167 524 3256 cetera***)‚
550 3169 685 3234 recitare
713 3168 799 3232 enim
830 3168 933 3252 piget,
963 3169 997 3232 et
1028 3169 1065 3230 ut
1092 3161 1136 3226 isti

196 3257 238 3322 ad
261 3258 467 3341 asperitatem
493 3261 625 3342 pavent,
649 3257 694 3321 sic
717 3277 777 3341 ego
800 3256 841 3320 ad
863 3255 1002 3339 ineptias
1020 3271 1136 3318 nauseo.

251 3452 277 3520 ⁴³)
298 3448 417 3516 Scripsit
433 3447 552 3504 fortasse
570 3449 738 3504 incalescere.
774 3447 918 3503 Matthiae.
989 3448 1034 3515 **)
1050 3431 1147 3500 Ηοιιι

196 3526 258 3576 458.
335 3519 393 3594 ***)
412 3517 486 3572 Pers.
507 3518 563 3573 Sat.
582 3519 603 3573 l.
622 3525 664 3574 93.
684 3537 736 3587 sqq
