2330 3944
400 216 534 274 ORATIO
555 218 587 272 X.
921 219 982 283 107

44 361 173 444 petiisset
194 383 215 424 a
234 361 317 445 Deo,
340 365 378 426 ut
400 385 419 426 a
441 384 475 427 se
497 366 607 427 tantas
629 363 701 428 illas
724 367 758 429 et
779 367 847 428 tam
866 366 983 429 multas

44 450 217 514 acerbitates
247 455 422 533 amoveret,
452 473 645 536 responsum
675 452 737 516 hoo
764 453 854 516 tulit:
899 452 985 518 Satis

44 537 161 616 abiait,
188 540 271 621 qaod
295 539 373 604 mibi
399 559 490 606 caras
515 546 709 622 acceptasque
734 561 772 606 es.
810 541 875 621 Quo
903 543 985 606 calca

45 632 70 691 tc
88 627 242 710 infirmior
268 647 299 694 es
320 634 350 692 et
370 629 513 710 ptccra‘bm
534 629 768 710 difficaltatibas
791 630 984 710 conflicturis,

44 736 69 779 co
99 718 196 798 anapia
226 718 414 799 perspicitur
443 722 578 800 potestas
612 715 729 804 mea*).
774 716 896 793 Quarta
928 723 986 802 est,

45 804 115 886 quod
141 805 168 868 si
191 805 287 870 bonis
310 806 386 870 viris
410 807 518 872 omnia
540 827 692 890 prospere
716 806 935 890 succederent,
958 808 985 872 si

46 893 147 956 divitiis
174 893 393 977 abundarent,
420 895 448 959 si
475 896 657 960 colerentur
684 916 721 960 ac
749 896 987 979 suspicerentur

46 982 198 1066 coeteris,
226 983 254 1047 si
276 1003 442 1067 nunquam
465 987 685 1068 aegrotarent,
711 1003 878 1067 nunquam
902 984 986 1048 dole—

46 1072 265 1156 rent,nullum
291 1072 528 1138 incommodum
556 1073 726 1155 sentirent,
752 1072 901 1137 fortassis
924 1073 986 1136 exi·

46 1159 175 1224 stimaret
204 1161 335 1244 vulgus,
367 1183 421 1226 eos
453 1162 607 1245 pietatem
639 1163 742 1226 colere
774 1182 842 1226 non
873 1164 986 1245 suapte

46 1252 160 1333 sponte,
183 1248 240 1313 sed
263 1250 319 1313 illa
342 1250 433 1332 quasi
455 1251 600 1315 mercede
620 1251 752 1314 allectos
768 1253 801 1314 et
822 1250 986 1314 invitatos.

46 1335 125 1402 Nunc
154 1359 227 1402 cum
255 1359 310 1402 eos
337 1360 405 1404 non
432 1343 572 1424 egestas,
597 1359 666 1404 non
692 1339 872 1423 ignominia
879 1389 888 1422 ,
920 1359 988 1402 non

47 1427 190 1492 cruciatus
218 1427 375 1510 corporiS,
406 1449 475 1492 non
502 1432 716 1511 tyrannorum
743 1427 889 1510 saevitia,
921 1447 988 1490 non

47 1516 143 1580 nortis
166 1518 272 1580 metus
295 1538 315 1579 a
337 1515 398 1580 Dei
421 1517 510 1580 cultu
537 1521 570 1579 et
593 1538 613 1579 a
639 1535 716 1578 vera
742 1515 862 1598 pietate
885 1515 989 1598 possit

49 1604 202 1688 abducere,
228 1604 401 1670 manifesto
429 1606 570 1687 constat,
597 1604 801 1669 honestatem
830 1624 867 1667 ao
889 1603 988 1667 virtu·

48 1697 101 1758 tem
125 1698 158 1758 et
184 1693 290 1758 Deum
321 1693 469 1777 inprimis
495 1693 602 1776 ipsum
629 1693 670 1756 ab
703 1692 748 1756 eis
781 1695 913 1776 propter
946 1713 988 1776 se,

49 1803 102 1846 non
122 1787 256 1867 propter
277 1783 377 1846 ullam
399 1781 577 1846 mercedem
601 1781 710 1845 amari.
747 1780 820 1846 Noa
840 1781 940 1862 pratis
962 1785 990 1843 te

50 1871 106 1935 colit
125 1871 193 1950 Iob,
218 1871 345 1936 dicebat
366 1870 436 1936 Deo
459 1875 634 1955 perpetuus
661 1871 714 1933 ille
736 1869 871 1934 humani
894 1889 989 1952 gene-

51 1960 85 2023 ris
103 1958 275 2044 hostis**):
299 1965 332 2024 tu
354 1961 436 2024 caica
458 1979 526 2024 cam
548 1958 713 2024 cumulasti
731 1957 850 2038 opibus,
873 1957 990 2020 aaaate'

54 2047 148 2127 libaria
168 2054 320 2132 perpetua
346 2049 474 2130 dacique
498 2049 578 2112 citae
594 2047 797 2130 prosperitate
812 2049 991 2127 prosecutas

55 2156 85 2200 es.
106 2137 146 2202 lc
163 2138 254 2202 Deus
261 2189 269 2221 ,
293 2137 343 2202 aa
364 2157 446 2215 uero,
469 2137 588 2220 inquit,
610 2137 714 2201 domos
731 2135 797 2199 etas
818 2133 990 2214 inflaremur,

53 2246 143 2293 orasses
163 2227 316 2305 ambare,
339 2245 452 2307 peoora
473 2226 620 2308 interfice,
644 2225 873 2300 liberassem,
896 2226 991 2286 totam

54 2315 134 2394 ipsus
158 2335 269 2397 corpas
295 2315 449 2380 arbitratu
476 2319 527 2379 tao
560 2315 661 2380 lacera
688 2333 725 2377 ae
756 2311 855 2388 lanta,
886 2309 992 2375 nullas

54 2409 126 2469 restet
156 2405 246 2470 nouis
275 2403 426 2470 abacta
462 2404 555 2481 locus,
590 2404 689 2466 iaceat
723 2401 757 2464 ia
792 2399 991 2480 sterquilinio,

54 2495 93 2555 cai
111 2495 199 2575 prices
225 2511 367 2560 somnam
393 2512 499 2574 capere
522 2490 628 2556 licebat
648 2491 683 2554 ta
704 2507 865 2571 purpura·
893 2507 930 2551 aa
952 2487 994 2551 sit

54 2582 157 2660 quidem
192 2602 252 2665 qao
283 2601 315 2646 se
344 2581 523 2662 obsterpeat,
559 2580 612 2644 sed
642 2582 718 2643 testa
748 2580 926 2641 manantem
957 2595 993 2639 ea

55 2669 186 2736 allecibus
208 2671 328 2736 saniem
349 2670 492 2746 abradat,
514 2673 550 2732 at
567 2667 682 2749 lipacido
700 2670 823 2743 censat,
846 2685 915 2728 cara
933 2664 994 2727 caci

54 2761 221 2838 preteritum,
253 2778 317 2822 aaa
343 2757 564 2822 mercenariam
590 2755 652 2821 etse
678 2755 830 2820 cultorem.
871 2751 994 2816 Eadem

57 2848 201 2930 aequitate
229 2847 330 2912 animi
360 2847 458 2912 horno
491 2845 711 2910 sanctissimus
742 2841 820 2906 tulit
851 2841 994 2920 adversa,

58 2955 108 3015 qua
136 2940 168 3000 et
198 2957 354 3020 prospera
386 2938 562 3018 exceperat.
609 2931 743 3013 Quinta,
779 2933 817 2994 ut
847 2928 995 3026 homines

58 3024 133 3090 tanto
156 3024 275 3090 certius
290 3028 385 3108 atque
404 3023 600 3107 exploratius
623 3020 779 3100 habeant,
801 3038 869 3081 non
888 3037 997 3080 omma

59 3117 145 3177 morte
178 3113 361 3196 terminari,
397 3111 452 3176 sed
488 3130 653 3195 superesse
686 3107 783 3171 aliam
814 3105 927 3189 vitam,
962 3105 998 3168 in

60 3205 165 3280 quaet
191 3201 370 3286 praemium
396 3201 557 3265 tribuatur
583 3197 690 3278 iustis,
717 3201 750 3260 et
773 3195 814 3260 ab
842 3195 997 3279 improbis

61 3307 90 3350 ac
109 3289 328 3354 consceleratis
350 3310 455 3374 poena
478 3289 633 3373 exigatur.
671 3283 757 3350 Nam
781 3285 808 3348 si
830 3305 871 3349 ne
894 3283 998 3348 homi·

62 3395 106 3441 nes
131 3378 257 3462 quidem
283 3399 384 3470 usque
412 3399 449 3444 eo
477 3377 589 3442 iniusti
615 3373 832 3460 reperiuntur,
865 3376 903 3436 ut
934 3392 999 3451 eos,

105 3571 127 3636 *l
143 3571 175 3624 11.
195 3570 231 3625 ad
249 3569 372 3625 Corinth.
392 3587 414 3626 e.
436 3575 475 3625 12.
496 3577 519 3625 9.
593 3569 635 3636 **)
654 3567 711 3622 Iob.
731 3572 755 3621 1.
775 3571 804 3620 9.
840 3621 844 3636 ,
