2328 3956
191 217 253 282 108
497 214 677 270 EPISTOLA
694 213 831 272 LXXVII.

187 364 304 428 iembri
327 361 457 445 dedisti,
487 383 574 426 nunc
602 359 744 445 demum,
775 361 809 425 id
835 365 897 444 esi,
929 365 1039 446 quarto
1063 366 1124 444 post

187 473 311 535 mense,
333 449 521 535 respondeo.
556 448 596 514 In
620 469 683 533 quo
697 452 808 514 tamen
829 450 920 514 nulla
939 472 959 514 a
977 471 1025 514 me
1046 452 1124 534 culpa

187 543 353 605 contracta
380 542 438 603 est.
485 536 582 604 Nunc
609 538 695 602 euim
723 559 777 602 eas
805 559 826 603 a
852 535 999 604 Castorio
1029 543 1124 604 nostro

187 630 304 713 accepi,
326 630 436 714 eisque
449 647 569 712 magna
582 647 656 692 cum
676 625 779 691 *animi
803 628 967 711 volupbaie
988 628 1124 712 perlectis,

188 719 298 782 statim
324 738 376 781 me
404 716 445 781 od
472 715 675 781 scribendum
702 716 838 800 contuli,
866 720 904 780 ui
924 716 1001 801 hae,
1027 717 1124 802 quibus

186 829 238 872 me
266 807 352 890 apud
376 809 409 870 ce
438 805 527 870 omni
558 805 739 888 suspicione
771 805 981 890 exsolverem,
1012 809 1125 890 paraus

186 900 303 979 essent,
327 895 422 960 simul
444 896 542 978 abque
565 897 650 958 esser
672 894 724 958 oui
747 893 865 959 darem.
902 893 996 970 Quod
1018 915 1124 960 conser-

186 1007 242 1050 vas
265 984 453 1048 memoriam
480 983 544 1046 mei
569 982 736 1066 amiceque
761 982 800 1046 de
827 1004 892 1068 me,
920 1005 994 1048 cum
1017 985 1125 1048 occasio

186 1078 244 1158 esi,
266 1073 416 1158 loqueris,
439 1071 578 1156 gratiam
599 1071 713 1137 habeo.
753 1070 826 1157 Ego
850 1093 977 1158 quoque
1000 1076 1041 1156 te,
1061 1074 1126 1137 mihi

186 1162 292 1245 crede,
318 1161 411 1225 unice
435 1181 521 1243 amo,
551 1181 655 1245 neque
678 1159 853 1245 quidquam
875 1164 938 1246 est,
967 1161 1052 1246 quod
1072 1163 1126 1246 qui-

186 1251 258 1314 dem
282 1272 302 1314 a
324 1269 376 1313 me
398 1249 556 1332 praesiari
577 1252 688 1334 qusai,
711 1249 789 1334 quin
812 1269 872 1334 ego
894 1249 928 1314 id
946 1249 1081 1316 libenter
1099 1273 1126 1314 cc

186 1339 299 1423 cupide
322 1338 420 1402 eiiam
443 1359 557 1402 caussa
583 1341 640 1401 tua
666 1337 809 1402 facturus
832 1338 902 1402 sim.
948 1338 1059 1404 Debeo
1078 1339 1127 1404 hoc

184 1428 297 1492 virtuti
326 1430 359 1490 et
388 1425 561 1491 eruditioni
588 1429 678 1510 uuae,
708 1426 808 1491 debeo
841 1427 943 1492 amori
975 1449 1054 1514 erga
1079 1451 1127 1510 me,

186 1537 281 1601 quem
308 1515 343 1580 in
369 1519 402 1580 te
429 1515 509 1579 mihi
540 1516 741 1599 perspexisse
769 1515 879 1582 videor
905 1537 1005 1600 prope
1033 1519 1126 1602 singu·

185 1605 294 1668 larem.
349 1603 442 1680 Quod
474 1607 583 1668 autem
613 1605 712 1668 eiiam
743 1604 957 1670 clarissimum
985 1627 1023 1670 ac
1051 1628 1127 1690 pree·

186 1693 421 1758 sicutissimum
442 1693 556 1778 virum,
578 1691 865 1778 Archiepisoopum
887 1692 1127 1772 Narbonensem,

184 1803 286 1866 usque
309 1802 347 1846 eo
371 1781 509 1846 amioum
537 1803 606 1847 esse
635 1783 761 1861 scribis,
788 1785 825 1846 ut
852 1783 891 1846 de
918 1805 983 1868 mc,
1011 1784 1128 1848 homins

184 1871 275 1936 senui
303 1873 336 1936 eb
361 1871 490 1935 infimae
518 1871 636 1956 sorbis,
658 1874 769 1937 πιιπε
800 1871 849 1935 vir
876 1875 909 1935 ei
936 1877 1081 1937 amanter
1103 1885 1127 1934 et

184 1959 359 2026 honorifice
381 1961 545 2044 loquatur:
569 1981 633 2044 qua
655 1981 706 2024 me
728 1960 852 2024 laetitia
878 1981 918 2024 ex
940 1961 1003 2026 isio
1025 1962 1126 2026 nuntio

186 2070 255 2113 esse
279 2049 432 2114 affectum
453 2047 572 2132 puias‘?
603 2047 702 2114 Ouios
726 2051 764 2114 π
787 2048 933 2134 gratiam,
957 2071 1076 2134 quaeso
1095 2055 1127 2131 ts,

185 2135 324 2202 Martius
346 2137 401 2222 mi,
425 2139 513 2202 omui
532 2137 612 2202 mihi
634 2138 759 2202 racione
773 2159 935 2222 conserva,
958 2139 1050 2223 eique
1067 2159 1127 2202 meo

184 2226 315 2291 nomine
337 2225 496 2311 pollicere,
519 2247 570 2290 me
593 2226 792 2310 ecquidem,
815 2247 896 2312 quae
919 2229 997 2292 suni
1018 2227 1128 2313 ingenii

185 2317 219 2397 eb
241 2314 429 2378 eruditionis
453 2317 486 2379 eb
508 2315 575 2378 eius
599 2315 725 2399 generis
749 2315 893 2399 laudum,
922 2315 1042 2380 nolle
1032 2339 1065 2380 m
1085 2337 1127 2380 me

184 2423 334 2554 32⁰¹&
342 2404 1127 2576 egebisfifibrsseissgriffljbbcb

185 2579 266 2642 bene
298 2578 441 2642 merendi
478 2582 634 2663 quendum
664 2579 700 2643 in
731 2600 782 2644 me
814 2581 876 2644 eric
907 2581 945 2644 de
980 2583 1127 2662 omnibus,

185 2667 319 2752 aliisque
343 2667 498 2732 eiusmodi
515 2667 699 2751 praedicare
717 2667 911 2753 dignabitur,
934 2691 973 2733 ea
995 2693 1046 2734 me
1067 2692 1126 2755 per·

183 2758 295 2841 petuo,
327 2777 400 2821 cum
431 2755 501 2820 Deo
532 2757 673 2840 volente,
709 2757 869 2822 cumulate
899 2759 1127 2841 praesciturum.

183 2845 348 2910 Putemus
370 2845 435 2910 iam
462 2843 586 2928 pridem
613 2845 708 2910 desiit
735 2844 777 2909 ad
799 2867 849 2910 me
873 2847 1025 2912 seribere:
1054 2847 1127 2932 quod

184 2955 275 3088 iiii
288 2934 450 3087 ‘ibib
473 2937 879 3105 bezbriem
897 2935 1126 3125 {sm

185 3112 277 3176 stulu.
323 3111 419 3176 Illum
442 3109 608 3176 Musarum
631 3110 777 3196 chorum,
806 3133 900 3196 quem
927 3112 1046 3180 litteris
1072 3113 1126 3178 πίε

184 3200 368 3282 complexus
394 3221 442 3284 es,
473 3195 534 3266 τὸν
564 3197 773 3284 μουσηγέτην
800 3199 972 3287 Αιιιιπιιι,
999 3201 1126 3268 Romar-

184 3285 261 3351 dum
282 3287 407 3390 pridem
421 3287 606 3372 Pindarum,
627 3310 731 3372 nuper
753 3281 851 3354 eiiam
867 3289 1047 3356 Homerum
1064 3289 1125 3355 Gal·

183 3375 293 3455 licum,
309 3375 535 3442 suavissimum
549 3339 629 3442 mibi
642 3377 873 3444 amicissimum
885 3379 1019 3446 fratrem
1033 3399 1124 3446 meum

184 3467 251 3530 et·
242 3487 308 3530 ram
334 3465 382 3529 illi
411 3463 554 3530 Homero
582 3487 753 3567 supparem
776 3465 967 3554 Hesiodum,
994 3467 1124 3546 Baifiura

184 3557 217 3616 et
239 3575 321 3636 enm,
344 3553 395 3618 cui
418 3573 478 3636 ego
494 3574 590 3636 quam
612 3555 752 3639 nomine,
775 3555 950 3652 utinamcb
963 3557 1124 3622 eruditione
