2360 3944
402 167 538 222 ORATIO
557 167 603 222 VI.
937 167 982 232 63

44 313 142 396 facere,
165 333 239 376 cum
262 312 316 396 qui
338 331 459 397 negare
482 333 550 376 non
572 315 721 396 possunt,
744 313 816 378 aliis
840 335 873 378 se
894 313 982 378 vitiis

44 402 205 484 implicatos
219 403 315 484 atque
329 401 522 484 illaqueatos
540 401 656 486 teneri,
671 401 747 466 dum
765 401 827 467 hoo
842 405 998 486 careant„

44 490 157 554 farriae
180 511 249 554 non
274 511 369 574 posse
396 492 525 552 tantum
553 489 609 552 sed
631 491 863 573 propemodum
883 491 982 556 etiam

44 579 138 642 debere
162 578 368 642 arbitrentur.
413 575 567 641 Ciuitates
589 598 666 642 vero
690 582 723 641 et
744 599 846 663 regna
869 583 901 644 ct
923 580 981 642 im-

43 667 115 750 peria
136 688 219 750 quae
242 688 292 730 res
315 666 379 730 alia
401 665 466 730 nisi
492 665 616 730 iustitia
639 668 696 730 aut
722 667 816 731 initio
844 668 983 732 fundare

44 777 70 818 ac
89 755 295 838 constituere,
323 758 381 819 aut
402 757 517 838 postea
538 757 607 818 tam
629 755 733 819 multa
757 756 884 819 saecula
907 777 981 820 eon-

43 865 151 908 servare
174 865 213 907 ao
236 865 416 928 propagare
439 842 620 927 potuisset?
660 841 747 908 Nam
770 847 803 907 et
826 865 983 908 convene-

42 937 103 996 runt
135 931 285 996 homines
322 936 354 996 et
386 933 487 997 vitam
523 953 589 996 una
626 933 729 996 colere
763 931 985 1018 decreverunt,

44 1043 100 1084 cum
121 1043 154 1086 se
178 1043 281 1105 aequo
301 1021 370 1084 iure
391 1042 506 1086 usuros
530 1023 575 1104 et,
597 1021 683 1104 quod
706 1043 764 1086 suo
788 1021 850 1086 sibi
872 1021 984 1087 labore

42 1109 238 1194 peperissent,
257 1131 294 1174 eo
309 1109 377 1173 sine
391 1112 481 1174 metu
499 1108 655 1174 fruituros
674 1131 756 1194 esse,
774 1131 878 1196 neque
896 1133 982 1175 moe-

42 1198 121 1262 nibus
149 1198 255 1282 magis
283 1219 379 1281 quam
410 1198 537 1282 legibus
565 1220 584 1262 a
610 1198 643 1262 vi
670 1201 766 1282 atque
794 1199 835 1262 ab
864 1199 985 1264 iniuria

41 1287 115 1350 tutos
141 1286 212 1350 fore
236 1286 446 1369 confiderent3
476 1289 509 1350 et
532 1307 628 1372 quam
652 1286 706 1350 diu
728 1288 762 1351 id
786 1287 983 1371 observatur,

41 1377 97 1437 ιιιιι
118 1375 171 1438 diu
195 1375 295 1439 amice
322 1375 407 1439 inter
435 1395 468 1438 se
496 1396 534 1439 ae
562 1375 763 1440 concorditer
789 1376 915 1458 vivunt3
943 1376 984 1438 si·

41 1463 96 1526 mul
121 1467 218 1547 atque
246 1464 286 1527 ab
316 1463 477 1547 aequitate
505 1463 692 1546 disceditur,
722 1466 844 1548 partes,
870 1463 984 1528 factio·

41 1572 100 1634 ιιι,
117 1552 326 1636 secessiones,
345 1552 518 1616 seditiones
537 1556 571 1615 et
588 1552 673 1616 bella
692 1551 798 1616 civilia
816 1552 984 1617 exsistunt.

40 1637 210 1724 Praeclare,
231 1643 270 1704 ut
292 1641 414 1724 omnia,
437 1640 621 1724 Euripides:

246 1778 377 1834 Custodia
395 1781 483 1849 tequea
501 1780 624 1836 mallotes
641 1779 767 1836 eontinet.

97 1903 247 1990 Idemque
267 1907 329 1971 alio
348 1907 419 1972 loco
435 1907 492 1990 ait,
511 1906 653 1971 iustitiae
671 1907 856 1990 neglectum
873 1904 986 1987 pleris-

40 2014 96 2074 que
116 1995 298 2058 oivitatibus
322 1995 491 2060 exitiosum
514 2017 591 2060 esse.
642 1993 772 2058 Iustitia
797 1992 942 2057 civitates
966 2014 987 2056 a

39 2081 139 2163 parvis
159 2087 192 2147 et
214 2083 390 2148 humilibus
417 2083 579 2168 profectae
604 2082 771 2167 principiis
793 2081 883 2145 brevi
905 2084 985 2144 tem·

38 2191 110 2251 pore
131 2171 170 2236 ad
192 2189 348 2256 magnam
369 2173 549 2256 potentiam
570 2173 799 2256 pervenerunt3
826 2169 988 2234 iniustitia

39 2257 275 2324 florentissimae
308 2263 340 2324 et
377 2261 637 2346 opulentissimae
668 2259 807 2324 breviori
840 2261 987 2342 tempore

38 2346 175 2412 funditus
194 2349 413 2413 conciderunt.
453 2347 566 2433 Neque
585 2349 671 2413 enim
688 2348 903 2412 adamantinis
921 2347 987 2412 illis

37 2435 179 2521 vinculis,
202 2458 285 2520 quae
298 2436 474 2522 Dionysius
498 2437 605 2502 senior
623 2438 734 2502 crebro
757 2437 793 2500 in
811 2458 866 2501 ore
888 2435 987 2500 habe-

37 2522 98 2608 bat,
121 2526 154 2589 vi
172 2529 270 2610 atque
288 2529 387 2610 metu,
412 2526 468 2590 sed
489 2525 614 2590 iustitia
632 2528 665 2590 ct
687 2526 848 2609 aequitate
866 2545 988 2609 magna

35 2611 165 2714 imperia
190 2618 241 2679 ret
226 2615 334 2679 tinent
319 2617 380 2678 tur.
422 2613 526 2690 Quare
554 2614 681 2698 sapient
682 2635 717 2678 er
742 2613 860 2678 Persae
892 2613 921 2676 ei
948 2634 987 2676 ex

36 2703 126 2803 regiis
142 2703 268 2787 liberis,
282 2725 337 2786 qu1
328 2703 430 2768 natu
443 2703 601 2768 maximus
620 2705 690 2766 erat
708 2703 824 2786 quique
842 2701 878 2766 in
892 2722 987 2852 'spem

34 2792 120 2874 regni
143 2792 354 2875 educabatur,
377 2813 450 2856 cum
474 2791 554 2856 alios
577 2791 618 2855 ad
638 2791 791 2856 virtutem
812 2789 987 2876 magistros

35 2877 166 2964 dabant,
187 2884 258 2944 tum
281 2901 381 2944 unum
403 2880 564 2964 inprimis,
587 2902 692 2964 aquo
715 2879 872 2944 iustitiam
895 2869 987 2941 doee-

33 2971 74 3030 ret
75 2991 122 3032 ur
175 2967 345 3032 Paedalios
378 2969 488 3053 etiam,
519 2968 665 3034 Indicam
696 2970 839 3052 gentem,
870 2964 988 3028 litteris

7 3123 8 3128 ,
33 3057 192 3136 proditum
222 3060 284 3139 est,
310 3057 346 3120 in
369 3057 468 3122 sacris
494 3057 631 3141 publicis
653 3056 737 3120 nihil
765 3055 852 3120 aliud
874 3076 895 3117 a
917 3052 989 3136 diis,

32 3165 122 3226 quam
152 3144 313 3210 iustitiam
341 3149 450 3229 petere
482 3146 594 3210 solitos
626 3165 709 3228 esse,
741 3143 827 3228 quod
859 3164 930 3207 eam
960 3143 988 3206 si

8 3315 9 3320 ἵ
32 3237 316 3318 consequerentur
343 3234 466 3298 affatim
493 3235 555 3299 sibi
580 3235 740 3299 bonorum
764 3232 908 3297 omnium
929 3253 988 3315 pu·

31 3323 133 3388 tarent
158 3323 240 3387 fore.
281 3321 351 3387 lust
337 3323 444 3386 titiam
466 3323 553 3386 enim
576 3325 609 3387 et
630 3325 802 3406 perpetuas
824 3321 924 3403 illius,
950 3322 990 3382 ut

7 3405 139 3491 {potitae
172 3411 373 3496 loquuntur,
392 3412 459 3476 sive
487 3412 620 3476 comites
648 3411 714 3476 sive
742 3430 881 3493 sorores,
907 3407 988 3471 veri·

31 3503 124 3566 tatem
148 3502 186 3564 et
205 3499 317 3585 fidem,
339 3522 403 3584 pax
424 3503 457 3564 et
477 3500 618 3564 amicitia
639 3503 671 3564 et
690 3498 850 3564 bonarum
870 3494 989 3560 artium
