2368 3956
171 149 236 214 202
543 147 628 203 VAR.
647 145 747 202 Lucu.

171 293 227 378 qui
255 293 341 378 quod
372 292 486 378 quinto
517 311 644 393 queque
668 288 795 392 'anno¹)
822 291 1003 358 faciendum
1024 292 1104 378 signi-

170 381 259 446 ficari
281 381 388 464 vellet,
411 381 445 445 id
466 380 599 463 siccatas
619 399 753 462 qrcaaque
775 381 870 446 uanis
891 381 960 445 fieri
980 385 1104 466 oportere

23 471 36 484 “
171 470 307 555 scripsit
342 469 428 534 Eum
441 469 562 552 ipsum,
584 468 729 552 inquam,
752 471 785 534 et
799 465 963 534 Ciceronis
976 471 1105 556 eloquen-

152 558 250 623 'tiam
281 557 379 624 vides.
434 555 497 623 Sed
527 559 565 622 ut
595 577 647 628 mc
677 555 718 620 ad
748 557 953 641 propositum
982 558 1108 642 referam,

170 646 269 712 etiam
291 645 320 712 si
341 646 403 713 hoc
426 645 550 729 demus,
572 646 692 710 novata
714 666 784 711 esse
806 646 973 712 multaab
995 647 1045 730 iis,
1064 649 1109 732 qui

169 737 244 819 post
271 732 459 802 Ciceronem
486 733 629 817 fiienmt,
657 732 734 819 quid
761 755 894 800 caussae
921 739 983 818 est,
1010 757 1060 802 cur
1079 757 1109 801 ea

169 823 298 888 reiicere
321 823 517 890 debeamus?
552 821 696 899 Quorsus
718 822 820 908 igitur
840 821 921 888 illud
943 821 1109 911 Horatiiill

175 910 217 978 Ut
235 912 317 994 folia
337 913 374 979 in
395 913 495 990 ulcu,
517 914 552 976 et
572 911 666 976 illud:

380 1073 424 1083 —
447 1073 490 1082 —
513 1036 601 1102 licerit
621 1055 794 1118 semperque
816 1035 918 1102 taeta

212 1121 379 1205 Stenarum
394 1129 556 1207 praesente
577 1129 651 1189 nota
667 1126 835 1208 producere
857 1144 977 1191 aomea

168 1243 286 1310 Nonne
309 1245 420 1313 Cicero
449 1251 482 1313 et
508 1247 611 1314 multa
637 1249 770 1314 novavit
796 1249 879 1333 ipse,
906 1252 940 1314 et
963 1246 1110 1330 Catonem,

132 1405 135 1410 ,
167 1333 356 1420 Varronem,
378 1335 516 1402 Brutum
539 1335 692 1422 aliosque,
714 1340 752 1402 ut
773 1337 858 1402 idem
880 1337 1030 1422 facerent,
1049 1337 1109 1402 hor·

167 1428 256 1490 tatus
279 1425 350 1490 est?
380 1424 435 1491 An
456 1425 604 1492 fortassis
625 1425 795 1510 personale
817 1425 898 1492 illud
923 1426 1111 1511 privilegium

167 1512 243 1577 suit:
266 1516 304 1578 ut
326 1535 399 1580 cum
413 1512 580 1598 Cicerone,
603 1517 635 1578 et
658 1535 732 1579 cum
753 1515 803 1598 iis,
824 1515 879 1598 qai
901 1519 969 1579 tran
989 1515 1112 1582 araca

167 1601 305 1668 homines
335 1608 425 1686 atque
453 1623 561 1667 accam
591 1599 799 1689 oqtobuaffl),
833 1603 1029 1668 exstinctum
1054 1623 1111 1667 esse

167 1689 335 1754 videatur?
369 1690 677 1772 Incomprehcasiba'le
699 1689 847 1757 Ciceroni
873 1691 995 1776 fingere
1020 1691 1111 1756 licuit:

169 1778 280 1863 quidni
302 1779 374 1844 aliis
398 1779 517 1845 aliaad
540 1779 675 1844 eundem
689 1779 828 1860 modum
843 1783 958 1865 postea
979 1779 1111 1845 licuerit?

167 1865 328 1952 Equidem
350 1867 499 1934 existimo
522 1865 724 1950 Ciceronem,
747 1869 775 1933 si
796 1868 838 1932 ad
861 1867 1069 1945 Quinctiliani
1088 1872 1112 1930 et

168 1954 266 2020 Plinii
288 1958 322 2021 et
343 1955 447 2024 Taciti
468 1960 616 2041 tempora
637 1956 739 2021 vitam
760 1957 935 2041 producere
958 1957 1111 2042 potuisset,

167 2048 200 2108 et
221 2037 403 2110 Romanam
425 2046 570 2131 linguam
593 2044 703 2110 multis
722 2045 855 2111 vocibus
873 2046 1038 2130 eleganter
1050 2067 1111 2110 con·

166 2131 313 2198 formatis
327 2154 439 2200 eorum
453 2133 559 2200 studio
573 2136 702 2198 auctam
720 2154 757 2200 ac
779 2134 1018 2219 locupletatam.
1030 2133 1111 2200 uidis-

168 2224 229 2306 set,
265 2242 419 2307 magnam
454 2222 500 2288 eis
537 2221 675 2307 gratiam
705 2222 893 2288 habiturum
930 2225 1026 2308 atqua
1059 2222 1111 2286 illis

167 2310 298 2376 vocibus
325 2309 439 2394 cupida
465 2331 599 2376 usurum
627 2309 734 2376 tuisse.
783 2309 870 2376 Nam
896 2309 1034 2376 istorum
1055 2309 1111 2396 qui-

167 2399 240 2464 dem
254 2397 363 2462 audire
377 2401 428 2464 est
441 2419 557 2482 operae
574 2399 713 2482 pretium
726 2399 912 2465 amentiam.
956 2399 1010 2466 Ad
1023 2398 1111 2464 Taciti

167 2490 224 2552 aut
246 2484 391 2551 Suetonii
418 2507 512 2554 voces
539 2490 711 2552 nauseant:
738 2487 803 2570 ipsi
825 2509 880 2552 eas
907 2487 1035 2572 scriptis
1056 2487 1111 2553 auis

166 2577 328 2658 intexunt,
352 2595 434 2659 quae
456 2596 497 2640 ne
519 2575 555 2642 in
577 2575 685 2640 culina
707 2576 836 2660 quidem
849 2576 981 2642 illorum
1001 2575 1110 2662 patien-

167 2669 217 2731 ter
239 2663 343 2730 audiri
364 2663 554 2748 potuissent.
599 2662 749 2746 Mentior,
771 2663 837 2730 nisi
849 2664 919 2748 tibi,
942 2665 1111 2745 cursuales,

166 2755 201 2820 in
228 2753 356 2838 scriptis
384 2753 586 2838 quorundam
613 2753 669 2837 qui
695 2751 791 2818 huius
819 2757 924 2818 sectae
956 2749 1111 2838 coryphaei

239 2928 259 2999 ¹)
277 2927 340 2984 Huc
356 2926 482 2999 pertinet
494 2923 697 2982 animamarum
711 2925 837 2998 Scioppii
849 2926 884 2982 de
898 2925 966 2983 stilo
984 2925 1111 2991 historio,

166 3019 193 3071 p.
213 3006 274 3056 226.
311 2999 414 3069 „Fugit
434 2998 575 3054 Muretnm
597 2996 683 3066 ratio,
706 3013 842 3068 cumpro
868 2998 988 3068 maculis
1008 2998 1111 3069 wacta

166 3073 250 3128 amris
263 3069 411 3126 dicandum
424 3070 508 3140 putat
524 3069 621 3140 quinto
638 3083 742 3140 qaoque
754 3084 836 3126 oaao.
867 3069 928 3124 Nec
942 3069 1018 3126 enim
1028 3067 1111 3148 eaden

166 3142 312 3210 utriusque
330 3142 400 3197 dieti
418 3143 460 3196 est
477 3139 622 3196 sententia.
659 3139 690 3194 Si
707 3139 776 3209 quid
789 3139 864 3196 enim
881 3140 939 3210 fiat,
959 3140 1033 3212 quod
1045 3154 1110 3210 qum·

167 3211 290 3284 quennio
317 3227 365 3267 sau
386 3211 503 3282 singulis
526 3209 722 3282 quinquenniis
740 3211 840 3279 semel,
864 3211 937 3266 nihil
954 3227 1062 3267 necesse
1078 3209 1111 3262 eat

166 3285 197 3340 id
215 3283 314 3354 quinto
328 3299 437 3366 semper
455 3298 528 3337 anno
546 3281 615 3349 fieri,
634 3297 698 3336 curn
716 3280 802 3336 etiam
815 3279 914 3350 primo,
935 3281 1051 3338 secundo
1070 3280 1111 3334 aut

167 3370 335 3426 quocunque
353 3352 538 3424 quinquennii
555 3367 628 3406 anno
646 3351 753 3409 iactum
770 3351 967 3421 intelligitur*
1001 3353 1033 3407 D.
1049 3351 1077 3404 R.

239 3428 261 3496 ²)
279 3429 339 3482 Art.
353 3425 431 3482 Paet.
449 3442 476 3479 v.
495 3428 538 3478 58.
557 3439 578 3476 s.

240 3497 262 3564 ⁸)
279 3495 386 3550 Ennius
404 3510 450 3564 ap.
469 3491 540 3548 Gall.
559 3491 595 3546 N.
614 3492 648 3546 A.
666 3491 725 3547 XII.
744 3497 770 3550 2.
