2326 3942
336 171 514 230 EPISTULA
532 173 631 228 XXIII.
916 173 959 238 33

35 317 72 380 die
94 316 145 380 sub
169 337 352 400 uesperam,
383 337 457 383 oum
483 317 564 382 mihi
590 318 656 383 iam
682 321 797 402 parata
824 319 960 384 coenula

35 407 108 488 esset,
132 425 199 468 ecee
220 404 283 469 tibi
310 405 406 470 homo
429 405 471 469 ad
496 406 591 470 fores.
638 405 722 482 Quid
744 410 794 491 tu,
815 406 959 491 inquam,
1005 425 1012 440 ·

34 491 98 555 hue?
138 493 259 571 Teuma,
282 493 400 580 iuquit,
421 498 458 558 ut
478 514 609 573 coenem,
635 495 763 575 siforte
782 494 960 578 pbroorctc

31 580 132 660 possm,
162 582 280 663 φιλίαν
308 575 392 665 ἀμφὶ
419 577 592 667 τράπεζαν.
636 581 686 646 Tu
717 603 792 648 vero
823 603 958 648 coenare

33 670 631 842 tttstttutttttttdt
653 671 959 824 1111111111

319 808 327 822 ·
760 809 770 844 1
950 811 960 844 r

33 844 119 908 festive
143 867 289 931 namara,
315 847 417 912 multa
443 847 566 911 urbane
594 845 711 912 dicere:
740 869 822 933 quac
850 848 960 912 omnia

34 953 87 1016 ego,
111 955 174 998 uon
195 934 292 999 facile
315 935 457 1019 quidem,
480 935 536 1000 sed
557 937 668 1000 tamen
694 935 774 1000 mihi
796 935 959 1019 imperans

34 1021 133 1087 silentio
169 1023 353 1108 audiebam,
388 1023 436 1087 ita
468 1023 647 1109 composito
680 1024 721 1088 ad
756 1024 959 1089 severitatem

34 1109 111 1193 vultu,
140 1114 177 1174 ut
208 1133 250 1176 ne
281 1111 362 1176 illud
393 1111 522 1196 quidem
557 1113 710 1198 facerem,
746 1112 832 1196 quod
864 1133 959 1176 canes

32 1195 108 1260 iratae
129 1199 243 1264 solent.
287 1199 509 1285 Discessurus,
531 1201 690 1280 Etiamne,
712 1200 832 1285 inquit,
858 1202 961 1266 trabas

32 1285 70 1347 cs?
106 1285 219 1373 Multo,
241 1287 384 1373 inquam,
405 1289 519 1354 iratior
541 1311 638 1374 quam
659 1289 760 1373 prius.
800 1287 959 1353 Postridie

34 1373 117 1438 eadem
138 1375 230 1460 hora,
253 1398 326 1440 cum
347 1380 503 1461 tanquam
527 1378 568 1442 ad
581 1378 794 1443 constitutum
811 1376 961 1460 venisset,

34 1464 172 1542 quaerenti
210 1465 305 1529 mibi:
342 1463 426 1540 Quid
462 1469 498 1530 tu
533 1465 597 1530 huc
628 1466 733 1530 denuo
769 1465 961 1529 invocatus?

33 1543 197 1635 Airdparoe
221 1547 253 1618 δ’
278 1547 403 1637 ἀγαθοὶ
411 1551 448 1640 ¹),
471 1555 577 1639 inquit
599 1554 661 1618 ille.
695 1553 798 1638 Itane,
819 1553 961 1637 inquam,

34 1639 102 1704 salsis
123 1641 217 1705 dictis
241 1645 274 1705 et
295 1641 460 1707 versiculis
483 1663 616 1707 coenam
638 1645 671 1706 te
686 1641 827 1725 quodidie
849 1644 960 1706 nactu-

33 1745 84 1790 rum
106 1729 223 1812 putas?
259 1728 305 1792 Aa
332 1751 406 1815 ego,
432 1752 474 1794 ne
501 1752 601 1815 erres,
632 1729 727 1795 hodie
757 1751 825 1795 non
851 1751 961 1795 coeno.

33 1811 206 1897 10101100,
229 1817 348 1901 inquit,
370 1839 421 1901 epo
442 1820 551 1902 petar,
574 1823 602 1884 tc
622 1823 784 1902 spectante,
807 1819 886 1883 baso
908 1823 962 1882 too

34 1907 166 1970 emaum.
214 1905 285 1970 Scio
307 1907 401 1985 cuim,
428 1908 505 1988 quid
530 1907 585 1971 aa
610 1908 646 1971 ia
667 1927 790 1972 0000010
810 1910 963 1989 paratura

34 1992 66 2055 stt.
102 1992 198 2058 Forte
231 1997 339 2058 autem
370 2015 408 2060 eo
441 1994 491 2060 die
522 1995 645 2060 amicus
676 1995 806 2079 quidam
833 1994 880 2058 'ad
911 2013 962 2057 me

34 2081 120 2146 tudes
146 2086 180 2146 et
208 2083 357 2146 ficedulas
384 2083 509 2166 aliquot
534 2085 674 2147 miserat.
720 2081 863 2158 Quarum
890 2103 961 2145 cum

34 2172 132 2248 partem
155 2171 265 2255 coqui,
286 2174 413 2254 partem
434 2171 469 2236 in
493 2172 669 2236 crastinum
692 2171 812 2236 servari
834 2171 962 2234 vellem:

35 2260 206 2335 praeteriens
228 2259 297 2343 ipse
312 2279 414 2342 coquo
437 2281 519 2344 meo,
540 2259 666 2326 homini
680 2259 817 2342 simplici
840 2280 877 2323 ac
900 2279 963 2323 ore-

35 2343 100 2430 1110,
125 2347 213 2432 apud
236 2368 331 2430 quem
359 2347 451 2411 valde
479 2348 640 2432 gratiosus
664 2351 725 2430 est,
751 2351 963 2430 persuaserat,

35 2436 59 2494 ut
76 2456 179 2501 omnes
204 2438 368 2518 coqueret3
395 2436 515 2520 alioqui
541 2435 628 2500 enim
654 2435 737 2519 fore,
764 2439 801 2499 ut
823 2457 963 2500 corrum-

35 2527 170 2601 perentur.
216 2524 268 2588 Ita
299 2521 380 2588 mihi
412 2523 517 2588 denuo
548 2524 667 2608 hospes
702 2523 870 2588 habendus
901 2523 965 2587 tuit

36 2627 84 2672 1011
102 2613 195 2676 multi
216 2615 345 2677 tantum
367 2612 429 2676 ioci
435 2663 445 2696 ,
468 2613 524 2676 sed
546 2613 640 2678 multi
662 2613 760 2676 etiam
783 2612 854 2676 cibi.
899 2609 965 2675 Ubi

37 2696 202 2784 adsedimus,
224 2703 293 2764 tam
315 2700 418 2764 multa
441 2699 530 2786 dixit,
551 2704 589 2766 ut
610 2722 678 2765 non
701 2700 814 2765 ceteris
836 2703 963 2764 tantum

38 2784 196 2853 domesticis
218 2789 286 2852 risu
308 2787 365 2852 ilia
387 2788 588 2872 distenderit,
616 2787 672 2852 sed
698 2791 861 2873 postremo
884 2789 964 2852 mihi

38 2875 112 2938 etiam
132 2877 204 2962 ipsi,
226 2877 282 2962 qui
304 2876 469 2942 tristitiam
493 2878 642 2942 simulare
666 2877 843 2962 cupiebam,
865 2877 965 2942 risum

37 2960 205 3031 invitissimo
238 2964 420 3031 excusserit.
465 2964 573 3030 Facile
606 2966 671 3030 iam
702 2966 882 3050 perspicere
908 2987 965 3049 po-

38 3053 102 3114 terat
128 3054 210 3118 iram
237 3053 273 3117 in
300 3075 334 3118 se
361 3075 466 3118 meam
494 3057 550 3118 aut
576 3054 701 3118 nullam
727 3054 827 3118 fuisse
850 3052 967 3138 (etita

39 3138 101 3226 erat)
122 3147 178 3207 aut
199 3143 295 3228 plane
311 3141 489 3225 depositam
513 3163 596 3224 esse,
620 3141 676 3206 sed
698 3139 887 3226 expediebat
908 3143 966 3208 ho·

38 3227 99 3292 uini
118 3234 238 3315 putare,
261 3251 313 3294 me
337 3230 440 3294 adhuc
453 3231 571 3295 iratum
594 3229 665 3294 sibi.
695 3227 794 3294 Redit
815 3231 911 3295 tertio
934 3236 967 3296 ot

40 3321 190 3404 quaerenti,
212 3319 289 3403 quid
311 3317 373 3384 hoc
395 3320 519 3404 negotii
541 3321 638 3404 esset,
666 3317 752 3398 Volo,
775 3319 889 3404 inquit,
906 3340 967 3401 pa

39 3421 87 3467 rere
105 3409 192 3472 ceteri
213 3408 393 3473 seatcotc'ac:

95 3507 112 3576 1)
128 3509 235 3566 Platon.
255 3509 379 3580 Sympos.
398 3511 432 3580 Π,
451 3516 476 3570 4.

76 3603 162 3644 Itum
174 3607 221 3648 Soa
235 3616 289 3649 trau.
302 3617 327 3650 n.
738 3601 754 3650 3
