2330 3944
400 183 535 240 ORATIO
554 185 627 240 VIII.
948 186 992 249 87

53 329 144 394 arctim
175 336 227 412 opt
222 331 364 394 ιἰιιιιιιιιιι
395 350 499 394 reram
529 331 575 394 sei
575 331 670 408 entia,
687 351 797 482 tqaum
828 331 935 414 opibus
965 337 995 396 et

51 419 168 501 potentio
203 421 308 484 ceteras
347 420 471 483 anteire.
520 417 609 483 Haec
649 419 749 504 igitur
789 419 843 484 ille
879 442 994 506 regum

55 507 136 591 stirpe
158 529 195 571 ac
219 508 378 592 sanguine
402 507 514 571 editus.
551 505 865 573 Obscurissimot
809 512 865 573 aut
866 530 917 573 em
940 530 993 596 ge·

53 617 115 658 nere
137 599 223 660 ortos
248 617 345 679 quarn
367 597 449 660 mult
451 618 486 662 os
509 597 678 661 nominare
700 620 885 681 possumus,
913 619 994 680 quos

53 706 135 768 supra
170 705 284 748 omnes
316 685 461 750 omnium
496 685 682 751 fumosas
672 687 830 770 rmagines
866 686 993 749 litterae

54 772 258 856 collocamut‘?
297 771 485 838 Obstetricis
512 773 597 837 filius
621 777 690 838 erat
713 771 870 838 Socrates.
905 772 994 840 Num

50 861 135 944 igitur
166 883 205 926 eo
238 860 422 926 Alcibiades
454 861 615 927 nobilior?
660 861 825 946 Euripidis
858 865 996 926 matrem

51 949 212 1014 vendendis
240 951 380 1015 oleribus
407 950 508 1015 vitam
534 951 689 1016 tolerasse
718 951 908 1034 accepimus
948 947 995 1014 At

49 1037 108 1120 ipse
129 1041 162 1102 et
184 1059 299 1123 regum
321 1039 541 1104 familiaritate
563 1061 641 1104 usus
664 1043 786 1123 est,et
813 1041 860 1104 ita
887 1040 993 1103 clarus

49 1126 113 1210 l',uit
90 1129 172 1193 tut
194 1127 291 1192 hodic
313 1128 417 1213 magis
442 1126 619 1192 Archelaus
642 1149 681 1192 ex
694 1127 873 1212 Euripidis,
896 1149 995 1212 quam

50 1177 209 1298 Euripides
233 1237 272 1280 ex
294 1215 446 1280 Archelai
468 1216 634 1280 familiarii
620 1220 688 1280 tate
705 1221 867 1282 noscatur.
899 1217 995 1301 Tym-

50 1304 146 1391 panist
146 1305 195 1367 ria
213 1304 277 1367 fuit
291 1303 461 1368 Aeschinis
476 1309 591 1389 mater,
610 1305 722 1390 etiam,
741 1328 768 1369 s1
760 1305 995 1370 Demostheni

49 1375 210 1477 ciedimus,
233 1393 357 1477 vulgati
380 1393 532 1476 corporis
563 1356 610 1457 At
624 1415 698 1458 eum
711 1356 767 1458 ier
780 1393 995 1458 Macedonum

50 1479 207 1565 Philippus
236 1484 338 1566 quant
326 1503 434 1634 topere
462 1480 584 1548 coluit?
626 1481 709 1557 Quid
740 1481 882 1546 tibicinis
909 1482 995 1546 filius
1081 1521 1082 1524 =

50 1567 220 1634 Pindarus?
239 1571 408 1654 quantam
422 1571 528 1656 gratia
542 1569 629 1654 apud
643 1568 873 1655 Syracusarum
886 1591 996 1655 regem

50 1655 215 1724 llicroncm
237 1659 322 1724 fult?
360 1656 422 1723 Sed
445 1659 522 1742 quid
545 1658 641 1723 huius
664 1659 710 1724 rei
733 1660 827 1742 plura
850 1660 995 1743 exempla

51 1745 250 1830 conquiram?
283 1746 421 1832 Signant
422 1769 460 1811 ur
482 1747 680 1812 eruditorum
702 1747 871 1812 hominum
893 1749 996 1812 nomi·

51 1833 134 1898 nibus
156 1839 362 1920 tempora,u
340 1839 377 1900 ut
399 1836 506 1904 nunus
530 1857 638 1920 saepe,
662 1837 777 1920 quibus
796 1836 844 1898 illi
857 1857 997 1920 regnan

52 1923 126 1987 tibus
143 1925 297 2008 vixerint,
320 1946 417 2008 quam
435 1925 491 2009 qui
509 1925 554 1990 eis
572 1924 762 1990 florentibus
780 1924 997 2008 regnaverint,

53 2032 192 2093 quaerere
217 2014 385 2080 soleamus.

110 2099 221 2186 Neque
247 2106 358 2166 tamen
379 2103 460 2168 haec
481 2104 654 2188 praecipua
673 2103 750 2166 sunt
767 2122 878 2167 eorum
896 2101 997 2166 bono-

53 2209 125 2274 rum,
147 2212 231 2274 quae
253 2191 475 2275 percipiuntur
498 2214 536 2256 ex
558 2191 687 2275 Iltteris3
715 2193 792 2256 sunt
814 2191 877 2254 alia
899 2190 997 2274 longe

52 2279 164 2344 maiora
189 2281 351 2365 longeque
380 2280 546 2346 diviniora.
586 2279 728 2344 Littecae
755 2279 875 2344 inditos
902 2279 997 2343 nobis

51 2371 201 2432 auctura
224 2369 404 2434 honestatis
431 2369 590 2454 ignIculos
618 2369 772 2451 excitant,
798 2369 998 2433 luxuriantes

52 2457 197 2540 quasique
225 2456 415 2522 fruticantes
444 2457 634 2541 cupiditates
663 2457 829 2542 stringunt
851 2477 888 2520 ac
912 2461 998 2520 cotr-

51 2549 129 2630 cent,
162 2566 280 2629 easque
311 2545 447 2610 rationis
478 2546 597 2610 finibus
624 2549 755 2631 regunt3
787 2545 952 2611 abducunt
979 2567 999 2610 a

51 2633 141 2718 vltiis,
170 2634 267 2698 duces
294 2638 327 2699 et
353 2634 526 2719 magistrae
554 2635 631 2699 sunt
658 2634 698 2698 ad
729 2634 894 2717 virtutem,
925 2654 999 2716 pro-

50 2723 142 2804 speris
166 2723 264 2788 rebus
288 2726 477 2788 ornamento
506 2727 595 2806 sunt,
622 2723 737 2787 solatio
762 2723 917 2806 adversis,
944 2742 999 2784 ne·

51 2832 105 2892 quc
135 2811 201 2876 illis
234 2813 393 2876 exsultare
426 2815 522 2896 atque
555 2811 660 2876 efferri
692 2833 780 2895 suos,
811 2832 915 2896 neque
947 2809 999 2874 his

50 2899 152 2984 frangi
175 2922 212 2965 ac
241 2900 376 2984 deprimi
404 2900 528 2983 sinunt,
555 2921 626 2965 eam
653 2899 790 2983 denique
818 2897 1000 2982 tranquilli·

50 2991 144 3052 tatem
167 2989 269 3052 animi
292 2989 449 3072 efficiunt,
479 3011 576 3072 quam
603 2989 697 3053 multi
719 2988 816 3051 finem
838 2988 1000 3051 bonorum

1 3105 2 3112 ι
51 3097 114 3140 csse
136 3077 295 3142 dixerunt.
336 3075 448 3142 Crates
471 3077 600 3160 quidem
623 3075 797 3141 Thebanus
820 3074 1000 3159 interroga·
1046 3094 1049 3100 ’

49 3167 113 3248 tus,
143 3166 220 3250 quid
253 3166 315 3230 sibi
347 3169 528 3249 superesset
561 3187 600 3230 ex
630 3163 854 3249 philosophiae
883 3163 1001 3248 studio,

50 3255 215 3320 notissimo
238 3276 334 3320 versu
356 3255 560 3338 respondisse
584 3249 751 3339 dieitur*):

196 3393 318 3450 wamia
337 3392 463 3462 lupinum
481 3399 507 3448 et
525 3393 622 3448 mentia
639 3409 658 3448 a
676 3392 750 3448 curis
768 3392 852 3462 quiea

1 3504 2 3560 ἦ
98 3536 126 3607 ⁸)
145 3535 261 3606 Θέρμιιν
280 3555 309 3590 ve
328 3536 417 3604 χοῖνιξ
437 3530 535 3590 καὶτὸ
555 3528 675 3604 μηδενὸς
694 3531 796 3602 μέλειν.
