2360 3944
190 164 232 228 32
567 161 702 217 ORATIO
721 163 768 218 111.

189 309 342 392 dihgunt,
365 311 398 372 et
419 328 488 371 non
506 307 598 370 aliter
617 329 651 370 se
673 305 885 390 philosophos
902 307 1004 370 visum
1023 307 1066 370 iri
1087 329 1139 390 pu-

189 401 275 479 tant,
294 418 391 479 quam
409 396 436 459 si
453 395 592 459 dictione
607 394 868 478 inquinatissima
880 397 1025 478 utantur,
1046 399 1091 476 et,
1108 399 1141 458 ut

191 506 263 548 sues
281 485 317 548 in
334 485 403 549 luto
423 505 460 548 11
478 504 592 568 coeno,
616 483 661 546 sic
683 483 746 566 ipsi
767 483 803 546 in
822 483 978 547 orationis
996 483 1141 547 sordibus

190 573 385 637 volutentur.
411 571 564 655 Antiquis
582 571 781 654 temporibus
796 571 957 655 quoddam
972 572 1142 636 stultorum

192 681 294 745 genus
316 661 416 726 fuisse
438 659 601 745 proditum
624 662 686 742 est,
714 659 769 744 qui
795 659 914 742 pedore
937 680 974 723 ac
997 660 1142 743 squalore

191 749 327 832 horridi,
347 750 464 834 pannis
484 748 593 830 obsiti,
611 769 737 831 semper
754 747 850 830 illoti,
871 768 997 831 semper
1014 749 1143 830 intonsi,

192 858 317 922 semper
338 838 470 921 impexi,
491 837 547 900 illo
566 836 637 919 ipso
660 836 784 900 incultu
805 856 842 898 ac
864 836 1014 920 neglectu
1034 857 1142 920 corpo-

191 926 236 988 ris
259 925 525 1009 philosophorum
547 943 667 988 nomen
688 924 724 987 in
743 925 860 1008 vulgus
883 924 1143 1008 assequebantur.

191 1012 269 1078 Non
286 1013 379 1078 valde
398 1012 560 1076 dissimilis
579 1016 629 1076 est
648 1033 760 1076 eorum
778 1012 932 1096 amentia,
955 1012 1010 1096 qui
1030 1014 1142 1077 oratio·

192 1123 267 1165 nem
280 1102 370 1165 nullo
385 1101 491 1166 studio
504 1101 672 1183 excultam,
680 1101 771 1164 nulla
781 1100 949 1185 diligentia
963 1101 1144 1184 expolitam,

192 1189 282 1252 nullo
301 1189 435 1253 artificio
454 1189 651 1253 elaboratam
669 1188 893 1272 philosophiae
910 1189 1143 1272 professoribus

190 1277 364 1340 convenire
383 1277 482 1341 aiunt.
518 1276 626 1360 Atque
646 1277 694 1340 illi
716 1281 826 1341 tamen
844 1298 882 1342 eo
902 1277 1144 1360 tolerabiliores,

193 1364 280 1447 quod
298 1366 439 1448 corporis
454 1365 580 1429 colendi
598 1387 707 1428 curam
725 1365 831 1449 multi,
851 1365 1013 1430 ornandae
1029 1366 1144 1430 oratio-

193 1454 244 1516 nis
259 1455 400 1518 studium
412 1475 508 1518 nemo
523 1454 612 1536 olim,
631 1453 686 1537 qui
705 1453 812 1537 aliquo
832 1453 917 1518 inter
934 1453 1144 1538 philosophos

192 1541 264 1605 loco
287 1541 472 1625 haberetur,
495 1542 645 1627 neglexit.
679 1539 752 1606 Nisi
773 1541 857 1606 forte
880 1541 952 1624 quis
970 1541 1145 1625 Epicurum

192 1633 226 1692 et
249 1651 317 1712 eos,
345 1631 399 1712 qui
423 1631 463 1693 ab
487 1651 525 1694 eo
553 1633 643 1712 sunt,
673 1629 816 1694 obiiciat:
844 1651 925 1713 quos
949 1649 1008 1715 ego
1031 1631 1089 1694 vix
1114 1631 1145 1694 in

193 1716 374 1800 hominum,
401 1717 436 1780 in
459 1717 726 1800 philosophorum
749 1717 877 1801 quidem
899 1739 1034 1782 numero
1059 1719 1145 1782 nullo

192 1804 289 1868 modo
308 1805 475 1869 habendos
494 1825 563 1868 esse
582 1825 705 1869 censeo.
737 1804 799 1869 Est
817 1809 926 1870 antem
943 1827 1062 1890 operae
1080 1829 1146 1892 pre·

193 1892 275 1956 tium
289 1893 412 1976 audire,
431 1892 591 1977 quomodo
609 1892 694 1956 hanc
713 1914 804 1958 suam
821 1897 890 1958 tam
907 1899 1146 1978 praeposteram

192 1985 324 2066 tamque
356 1981 527 2046 absurdam
563 1981 749 2066 opinionem
780 1981 979 2047 confirment.
1033 1982 1147 2048 Gravis

189 2070 328 2135 alicuius
351 2073 385 2134 et
411 2091 539 2136 severae
561 2074 729 2134 matronae
750 2069 988 2155 philosophiam
1010 2071 1148 2136 similem

194 2179 263 2221 esse
283 2159 387 2241 aiunt,
405 2180 502 2242 quam
521 2159 625 2222 omnis
643 2158 736 2223 fucus
755 2158 919 2246 dedeceat,
938 2181 1017 2243 quae
1037 2161 1149 2224 nativa

193 2245 409 2328 pulcritudine
443 2249 609 2328 contenta,
644 2266 761 2331 augere
798 2268 870 2311 eam
904 2249 1084 2332 pigmentis
1120 2252 1149 2311 et

193 2333 361 2396 lenociniis
390 2353 458 2398 non
486 2333 620 2398 laboret
675 2333 723 2399 Ut
750 2335 889 2400 incultos
919 2339 952 2400 et
979 2335 1149 2400 horrentes

195 2421 418 2506 solitariosque
441 2423 530 2487 lucos
554 2423 627 2505 plus
652 2421 771 2486 habere
794 2423 970 2488 maiestatis
994 2445 1030 2488 ac
1056 2446 1149 2488 vene-

193 2509 343 2594 rationis,
370 2532 466 2594 quam
489 2510 608 2574 nitidas
631 2513 664 2574 11
686 2510 869 2576 vindicatas
896 2515 929 2576 et
957 2511 1095 2597 digestis
1118 2514 1150 2576 in

194 2597 407 2680 quincuncem
429 2599 597 2664 arboribus
620 2599 761 2662 consitas
785 2600 905 2683 sylvas,
933 2600 978 2664 sic
1001 2602 1150 2684 'squalen-

192 2688 260 2749 tem
283 2689 329 2770 et,
351 2691 388 2750 ut
410 2688 457 2751 111
479 2687 625 2769 dixerim,
652 2687 813 2770 impexam
835 2689 943 2752 nescio
967 2710 1029 2772 quo
1054 2690 1150 2754 modo

194 2775 414 2858 augustiorem
441 2778 474 2840 et
501 2775 679 2839 maiestatis
706 2776 885 2858 pleniorem
911 2777 1024 2859 videri,
1053 2799 1151 2860 quam

194 2865 357 2946 comptam
385 2867 418 2926 et
445 2863 537 2946 quasi
563 2863 739 2948 unguentis
763 2863 938 2928 delibutam
962 2864 1152 2930 orationem.

193 2949 317 3026 Quibus
339 2973 400 3017 nos
422 2951 469 3016 ita
489 2972 679 3035 responsum
697 2952 858 3017 volumus:
881 2974 949 3018 non
972 2953 999 3016 si
1021 2955 1152 3017 calami-

194 3044 261 3105 stro
288 3042 429 3106 intortus
457 3040 591 3124 capillus
619 3043 652 3104 et
682 3038 801 3104 buccae
828 3041 928 3105 minio
956 3061 993 3105 ac
1020 3061 1154 3106 cerussa

193 3127 329 3193 fluentes
356 3132 390 3193 et
416 3130 508 3194 vulsa
535 3128 705 3212 supercilia
732 3131 766 3192 et
791 3131 953 3212 quaesitus
982 3132 1050 3193 arte
1075 3131 1153 3194 den-

193 3215 275 3278 tium
299 3217 419 3281 candor
441 3221 624 3282 matronam
642 3217 810 3300 dedecent,
832 3219 985 3282 continuo
1007 3219 1154 3282 illuviem

192 3305 227 3365 et
250 3304 347 3367 situm
370 3325 407 3368 11
431 3305 541 3368 111111
562 3306 681 3370 decere.
724 3303 786 3374 Est
808 3309 841 3368 et
863 3327 940 3370 suus
963 3329 1030 3372 non
1052 3308 1153 3372 modo

193 3391 444 3477 matrifamilias,
466 3413 578 3458 verum
601 3393 698 3456 etiam
721 3394 790 3457 viro
814 3395 928 3458 cultus.
963 3394 1020 3478 Et,
1042 3399 1080 3459 ut
1103 3418 1153 3459 re-

193 3480 440 3562 prehendendus
464 3481 526 3564 sit,
547 3481 575 3546 si
598 3482 668 3564 quis
692 3481 833 3564 quotidie
860 3484 993 3548 radatur
1016 3483 1057 3548 ad
1080 3506 1153 3568 spe·
