2368 3956
445 225 564 282 CAPUT
582 227 640 282 XL.
953 227 1015 290 l'll

105 365 239 446 naeus,
261 371 291 434 et
304 370 430 452 pociolo,
451 369 575 438 Fucens
596 369 687 450 milei,
708 391 867 438 murmure
888 370 970 436 dicit

105 453 180 522 Due
201 475 303 522 meus:
326 462 356 524 et
375 457 487 538 simili,
509 459 633 526 Faveas
649 459 740 539 milei,
761 479 921 525 mmmure
942 458 1017 524 aas.

67 559 237 644 Appuleius
260 561 422 650 Apologia
447 565 567 650 prima:
594 565 690 644 Nam,
711 569 749 631 ut
768 566 870 644 audio,
893 585 1018 648 percen-

67 649 191 715 sentdus
218 651 261 717 lia
285 653 341 736 quc*
362 654 458 718 mtrem
478 673 599 734 cocae,
624 655 707 720 nulli
732 655 785 720 deo
808 655 851 718 ud
875 653 930 720 leoc
950 654 1019 718 aeci

65 738 253 820 applicavit,
280 739 404 807 nullm
435 743 581 826 templum
606 743 823 826 frequentavit,
850 742 880 806 si
905 742 1019 821 fanum

67 825 185 908 dame
192 833 376 909 praetereat,
398 831 489 912 nefas
501 831 590 898 tabet
602 831 755 900 edmund
769 830 876 914 pratia
889 849 1019 894 meorum

68 913 155 980 turis
176 915 344 984 admovere.
388 917 545 984 Minutius
567 918 658 984 Felix
684 920 720 984 in
742 918 890 986 Octavio:
913 916 1017 984 Caeci·

68 1002 122 1067 lice
150 1005 319 1071 asanaa
344 1003 506 1090 Sauptds‘s
534 1008 688 1086 daona,
719 1012 755 1072 ut
779 1006 888 1090 culpus
914 1026 1019 1088 supe·

66 1092 196 1160 altioeus
222 1094 309 1174 solet,
336 1115 466 1161 monam
492 1097 541 1162 ori
566 1098 742 1174 admoneres,
769 1095 905 1160 osanam
928 1093 1020 1158 latiis

65 1181 176 1259 aaut.
222 1179 293 1258 Quo
316 1181 417 1268 igitur
438 1188 533 1269 gestu
555 1185 604 1249 illi
626 1185 687 1250 diis
708 1184 774 1248 suis
796 1184 953 1249 honorem
967 1203 1019 1246 ex-

67 1267 229 1355 hibebant,
252 1269 365 1336 eodem
391 1293 452 1336 nos
473 1272 569 1338 hodie
591 1273 626 1337 in
650 1272 837 1356 potentibus
861 1292 898 1337 ac
920 1271 1019 1336 fortu-

67 1357 146 1423 natis
167 1358 357 1426 hominibus
380 1360 522 1426 colendis
544 1361 674 1428 utimur.

425 1551 570 1624 CAPUT
591 1552 659 1620 XL.

68 1672 149 1728 NON
172 1671 291 1730 MODO
318 1674 391 1732 PRO
414 1675 504 1730 NON
528 1673 647 1731 MODO
670 1673 759 1730 NON
783 1672 898 1730 SAEPE
921 1672 1019 1727 APUD

71 1758 231 1818 VETERES
250 1761 337 1818 LEGI
353 1763 466 1830 IDQUll
485 1762 674 1829 acaunum
687 1761 809 1820 GENUS
827 1759 1020 1818 AGRAEOIS

409 1850 564 1908 DUCTUM
581 1851 680 1908 ESSE.
1038 1865 1040 1868 ·

149 1956 329 2024 Notaverat
354 1959 420 2024 iam
451 1959 577 2045 pridem
602 1959 723 2025 Paulus
749 1957 928 2041 Manutius,
958 1977 1022 2022 non

70 2046 150 2112 modo
180 2068 241 2130 pro
271 2067 335 2114 non
365 2049 454 2115 modo
479 2069 544 2114 aea
575 2047 760 2134 saepissime
787 2046 872 2132 apud
898 2048 1022 2111 veteres

70 2134 141 2219 legi,
166 2135 263 2220 idque
291 2139 324 2200 et
350 2155 410 2222 ego
437 2140 552 2220 postea
577 2137 660 2203 libro
686 2136 791 2220 primo
818 2133 1022 2200 Commenta-

70 2223 184 2288 riorum
206 2225 242 2288 in
261 2222 467 2291 Catilinerias
490 2225 765 2308 confirmaveram,
788 2227 821 2289 et
843 2223 898 2288 elii
919 2221 1021 2288 homi-

71 2331 123 2376 nes
154 2312 361 2378 eruditissimi
397 2335 456 2380 suo
488 2314 609 2380 calculo
645 2312 902 2398 comprobarunt.
960 2309 1024 2375 Sed

70 2399 245 2465 inciderunt
269 2421 374 2485 nuper
398 2402 434 2466 in
460 2423 576 2467 manus
603 2423 705 2484 meas,
732 2423 805 2468 cunr
826 2401 862 2465 in
888 2399 1024 2464 taberna

72 2489 202 2570 quadam
223 2489 357 2554 libraria
379 2490 502 2556 otiosus
520 2489 663 2556 sederem
685 2489 793 2574 ibique
817 2509 889 2554 cum
911 2486 1023 2553 amicis

72 2575 188 2662 aliquot
210 2578 343 2644 eruditis
365 2577 552 2644 hominibus
576 2577 785 2663 colloquerer,
807 2581 905 2642 notas
919 2576 1022 2641 cuius·

72 2663 140 2729 darn
164 2687 242 2731 sane
266 2665 353 2731 docti
365 2687 403 2732 ac
417 2665 581 2752 diligentis
594 2666 655 2731 riri
668 2666 704 2730 in
717 2663 838 2749 scripta
851 2663 1023 2746 Ciceronis,

71 2751 104 2816 in
124 2754 238 2838 quibus
253 2754 394 2840 quodem
406 2755 479 2820 loco
492 2755 698 2820 vehementer
710 2755 857 2818 nostrum
879 2751 1024 2817 omnium

72 2839 318 2907 ineoiudicium
330 2843 507 2927 improbat,
530 2843 648 2908 stillis
671 2841 819 2908 omnibus
837 2839 932 2922 locis,
955 2839 1023 2923 qui·

72 2927 127 2994 bus
148 2951 208 2996 nos
231 2931 273 2995 ad
295 2931 329 2996 id
347 2931 603 2997 confirmandum
615 2931 795 3014 utebamur,
817 2929 1024 3014 negationem

73 3016 244 3084 addendam
267 3039 337 3084 esse
360 3020 535 3086 contendit.
583 3018 657 3104 Ego
680 3021 802 3102 autem,
825 3018 852 3082 si
875 3016 946 3101 quis
969 3015 1023 3081 ad-

72 3125 174 3171 versus
200 3110 347 3172 veterum
374 3106 640 3173 consuetudinem
666 3107 841 3172 multorum
867 3106 1024 3171 librorum

73 3211 224 3260 consensu
245 3198 400 3261 testatam
423 3197 575 3282 opinione
598 3195 736 3279 quadam
759 3215 797 3260 ao
823 3194 941 3259 iudicio
965 3216 1023 3258 suo

73 3283 241 3348 autetiam
263 3283 459 3368 rationibus,
482 3306 563 3370 quae
587 3284 726 3368 speciem
746 3283 886 3367 aliquam
908 3282 1023 3366 proba-

75 3367 200 3436 bilitatis
222 3372 379 3456 habeant,
401 3373 463 3437 niti
476 3373 562 3456 velit,
584 3393 652 3436 non
666 3393 744 3437 sane
766 3375 937 3455 propterea
951 3389 1024 3434 cum

73 3476 106 3520 eo
136 3460 315 3526 altercator
350 3481 455 3546 neque
491 3460 654 3545 pugnabo.
713 3457 776 3526 Sed
811 3463 922 3524 tamen
956 3479 1025 3523 non

73 3547 212 3626 protinus
244 3548 284 3614 de
316 3547 478 3614 sententia
509 3547 711 3616 demorabor.
766 3544 839 3612 Scio
872 3546 959 3612 enim
989 3547 1023 3610 in
