2330 3944
403 217 539 274 calmo
558 218 604 274 rx.
938 219 981 284 93

43 361 133 428 studio
147 363 320 447 multisque
334 363 467 449 vigiliis,
485 367 518 428 et
534 364 633 450 longo
652 387 713 429 usu
732 385 769 428 ac
787 363 981 430 tractatione

41 473 132 516 rerum
150 453 377 536 maximarum,
400 456 433 516 et
454 453 577 536 multis,
600 454 716 537 quibus
739 453 881 539 agitatus
905 457 982 538 erat,

42 540 152 604 casibus
175 541 366 606 immensam
390 541 451 605 sibi
470 541 632 626 quandam
655 543 720 606 vim
744 543 920 626 sapientiae
945 563 982 606 eo

41 629 214 712 prudentiae
238 633 463 714 comparasset.
504 629 580 694 Fuit
603 631 689 695 enim
711 631 764 695 hic
786 652 886 715 prope
909 631 982 696 ulti-

41 739 98 780 mus
115 718 200 782 illius
219 719 414 802 praestantis
433 719 556 804 ingenii
573 719 672 802 fetus,
692 723 730 784 ut
747 723 860 803 postea
878 719 982 804 magis

42 807 233 892 intelligetur.
262 807 354 872 Adde
368 807 453 892 quod
468 809 579 873 scribit
592 808 633 872 ad
646 808 762 891 filium,
781 811 813 872 et
827 808 868 872 ad
880 808 983 872 filium

42 893 162 960 Athenis
186 901 340 981 agentem
361 897 397 961 in
419 897 568 962 convictu
591 919 628 962 ac
647 896 857 963 contubernio
881 896 983 962 homi·

42 1005 104 1048 num
125 984 398 1070 doctissimorum,
426 989 463 1050 ut
485 986 738 1051 versimillimum
765 985 820 1070 sit,
843 988 876 1050 et
899 1007 983 1048 sum-

42 1094 112 1136 nam
132 1074 173 1138 ab
198 1096 237 1139 eo
257 1096 367 1138 euram
385 1073 563 1140 adhibitam
580 1076 615 1139 in
633 1074 821 1160 colligendis
841 1073 983 1158 undique

42 1159 119 1226 bonis
141 1167 174 1227 et
197 1162 333 1228 utilibus
355 1164 548 1250 praeceptis,
571 1186 652 1248 quae
672 1166 861 1249 congereret
878 1163 983 1227 ineos

42 1250 137 1335 libros,
169 1273 211 1316 ex
245 1252 361 1335 quibus
392 1253 523 1318 unicum
551 1257 584 1316 et
614 1253 708 1318 unice
740 1273 850 1316 cerum
880 1250 984 1315 filium

43 1338 128 1423 legem
151 1361 190 1405 ac
215 1361 363 1405 normam
389 1341 606 1406 instituendae
634 1341 720 1406 vitae
742 1344 851 1424 petere
878 1340 984 1424 vellet,

42 1448 128 1510 neque
149 1429 329 1513 quidquam
351 1430 612 1513 praetermissum
634 1431 669 1494 in
691 1428 842 1493 limandis
861 1449 898 1490 ec
914 1449 983 1511 per-

43 1517 200 1602 poliendis,
223 1539 304 1601 quae
327 1518 374 1581 ita
397 1519 625 1602 scriberentur,
653 1518 747 1582 utin
770 1537 841 1581 eam
863 1515 985 1600 urbem,

45 1627 108 1687 quae
128 1611 203 1671 tum
222 1607 410 1701 emditionis
430 1629 467 1672 ac
491 1607 667 1692 sapientiae
691 1605 886 1671 domicilium
906 1608 985 1688 erat,

45 1695 287 1761 acutissimorum
317 1695 486 1761 hominum
518 1697 664 1761 subitura
694 1694 848 1760 iudicium
879 1694 984 1758 mitte·

45 1788 144 1850 rentur.
182 1781 322 1850 Constat
353 1785 450 1849 etiam
476 1786 583 1869 ipsum
610 1785 671 1850 sibi
702 1782 794 1849 valde
826 1782 984 1866 placuisse

46 1871 292 1938 inconfectione
319 1873 436 1939 horum
462 1873 630 1958 librorum,
662 1877 700 1938 ut
731 1872 786 1955 qui
813 1870 874 1934 sibi
901 1891 985 1934 unus

47 1961 146 2042 optime
171 1963 322 2027 conscius
346 1966 430 2027 esset
453 1984 568 2046 operae
590 1963 626 2026 in
649 1962 695 2026 eis
723 1958 898 2024 scribendis
923 1958 985 2022 col·

47 2047 158 2115 locabo.
197 2049 285 2115 Nam
312 2054 345 2115 et
370 2052 528 2136 principio
556 2049 759 2116 commendat
786 2068 854 2130 eos,
880 2049 918 2110 ut
945 2046 987 2110 ad

48 2134 162 2204 latriae
178 2139 346 2205 orationis
369 2140 549 2206 ubertatem
572 2160 610 2204 ao
638 2138 764 2222 copiam
790 2135 987 2220 profuturos,

48 2229 72 2288 et
93 2228 129 2292 ad
153 2228 268 2308 finem,
294 2249 450 2314 magnum
480 2252 499 2293 a
526 2250 560 2293 se
587 2227 704 2292 munus
732 2226 850 2291 habere
883 2223 986 2288 filium

49 2312 120 2399 dicit,
142 2321 175 2381 et
199 2317 241 2381 ad
263 2315 409 2382 Atticum
436 2318 592 2401 scribens,
618 2316 743 2382 homini
770 2313 985 2379 eruditissimo

48 2407 72 2464 et
93 2404 179 2470 cuius
207 2405 276 2489 ipse
304 2427 399 2490 saepe
422 2407 607 2472 miniatulas
635 2426 723 2470 ceras
751 2401 987 2484 extimescebat,

48 2511 183 2577 nagnam
206 2493 303 2558 huius
326 2495 431 2579 operis
451 2494 722 2580 exspectationem
741 2491 901 2558 concitare
919 2509 987 2553 non

47 2585 165 2646 veretur.
194 2582 264 2647 Nos
276 2581 338 2662 nic,
357 2582 515 2670 inquit*),
535 2578 830 2664 φιλοσοφούμεθα,
851 2615 895 2625 -
912 2577 989 2660 qnid

49 2670 115 2732 enin
135 2670 246 2736 alind?
268 2707 313 2716 -
335 2677 364 2736 et
389 2666 611 2753 adaepisci
633 2664 841 2750 καθήκοντος
867 2667 988 2749 rnupni·

48 2755 91 2833 fiee
121 2759 308 2840 explicemus
343 2756 689 2840 apocpovoipsv-qne
725 2755 872 2820 Ciceroni.
919 2753 989 2834 Quo

49 2844 76 2906 de
98 2866 128 2910 re
152 2848 236 2912 eninr
262 2848 368 2930 potins
393 2851 485 2928 poter
511 2843 602 2927 pilio?
642 2842 763 2909 Deinde
789 2843 863 2908 clio.
907 2841 990 2923 Qun

48 2935 177 3010 circen?
201 2936 315 3002 mtobit
335 2955 429 3017 opera
445 2933 705 3017 peregrinationis
726 2932 828 2997 buius.

104 3023 147 3088 Ac
169 3045 212 3088 ne
236 3025 307 3107 quis
320 3024 435 3108 ipsius,
458 3022 550 3108 quasi
568 3016 869 3106 Astydamantis**)
885 3017 988 3082 cuius·

51 3107 122 3195 dam,
142 3112 181 3177 de
208 3134 242 3177 se
260 3111 482 3177 testimonium
505 3111 628 3175 elevare
652 3110 798 3191 conetur,
821 3107 902 3172 sciat
928 3105 989 3171 hos

50 3195 133 3266 libros
156 3223 282 3286 semper
302 3201 404 3290 tuisse
427 3200 463 3265 in
485 3200 589 3285 prima
607 3195 884 3266 commendatione
904 3194 989 3281 apud

109 3359 132 3424 *)
150 3358 194 3412 Ad
212 3358 271 3412 Att.
291 3357 350 3412 XV.
372 3365 412 3412 13.
433 3365 457 3412 6.

68 3507 80 3545 e
91 3427 131 3549 ἵ)
150 3427 184 3483 Se
207 3429 301 3498 ipsum
329 3430 494 3498 arroganter
517 3425 667 3480 laudantis.
705 3425 816 3479 Tritum
839 3425 901 3478 erat
927 3436 990 3490 pro·

10 3549 11 3552 ,
53 3509 168 3552 vrmm.

126 3565 241 3638 Σαντὴν
260 3563 387 3632 ἐπαινεῖς
405 3563 497 3636 ὥςπερ
514 3561 693 3635 Ἀστυδάμας,
713 3559 806 3633 γύναι.
839 3561 895 3614 Fa.
