2368 3956
416 213 536 271 CAPUT
555 215 601 271 XI.
919 215 982 280 133

43 359 181 424 inclinato
196 359 279 424 solo:
303 362 410 424 aestas
429 360 515 424 enim
530 362 614 444 erat3
637 359 755 446 ibique,
779 361 865 448 quod
888 362 982 426 aedes

44 449 109 512 satis
138 449 263 531 amplae
291 451 385 512 crant
414 449 556 534 satisque
587 449 727 534 aprinae,
757 453 814 514 aut
841 450 900 514 sub
929 451 981 515 dio

44 536 194 600 ambulans
232 539 265 600 et
306 557 380 600 curn
420 537 608 622 aequalibus
651 539 717 603 suis
753 538 982 604 iucundissime

44 625 226 709 colloquens,
254 627 312 689 aut
335 625 431 710 saltu,
459 629 516 691 aut
536 627 636 711 lucta,
663 629 720 692 aut
740 627 894 712 trigonali
917 627 984 712 pila

44 735 141 796 corpus
171 735 337 797 exercens,
368 713 470 780 fessas
498 715 677 780 studiorum
704 715 870 782 laboribus
899 717 982 782 uires

43 801 254 892 honestissime
282 802 454 868 reficiebat.
498 802 622 870 Rumor
654 807 735 888 erat,
769 807 878 869 tenere
910 825 983 870 eum

44 894 128 956 artem
164 891 330 976 quandam
366 893 552 974 memoriae,
594 893 683 958 cuius
726 893 844 958 auxilio
881 893 984 958 multa

44 978 173 1063 efficeret,
197 1001 282 1065 quae
304 980 399 1064 credi,
421 981 485 1045 nisi
508 983 661 1066 spectata,
683 1003 751 1046 non
772 985 914 1066 possent.
950 979 983 1046 Is

44 1089 101 1132 cum
130 1069 171 1134 ad
210 1083 304 1133 aures
341 1091 430 1134 meas
465 1071 609 1154 perlatus
647 1074 743 1156 esset,
780 1071 895 1155 cupido
931 1091 983 1134 me

44 1156 159 1221 incessit
180 1157 346 1223 mirabilia
367 1159 425 1222 illa
447 1162 480 1223 et
502 1159 648 1224 inaudita
670 1160 844 1244 spectandi.
888 1158 983 1224 Eius-

44 1245 114 1310 modi
128 1247 215 1318 enim
230 1247 266 1311 in
280 1247 375 1312 rebus
390 1247 522 1312 minime
542 1249 686 1314 omnium
704 1249 822 1314 auditis
837 1248 982 1313 credulus

45 1355 99 1398 esse
127 1337 227 1401 sole0.
273 1334 389 1406 Visum
417 1340 466 1401 est
492 1337 606 1423 igitur,
634 1337 762 1422 quando
789 1338 858 1420 ipse
886 1337 982 1402 domo

45 1445 101 1488 nea
139 1425 301 1490 arbitratu
337 1447 395 1492 suo
436 1429 593 1510 uteretur,
635 1426 697 1491 hoc
733 1426 774 1490 ab
811 1447 848 1490 eo
891 1425 984 1509 quasi

46 1509 174 1578 ἐνοίκιον
201 1514 345 1598 exigere,
372 1519 421 1598 ut,
452 1515 538 1600 quod
568 1515 631 1580 sibi
658 1514 861 1580 commodum
891 1513 984 1603 foret,

45 1606 196 1680 praesente
227 1623 279 1666 me
307 1602 386 1666 artis
422 1623 499 1668 suae
527 1603 690 1686 specimen
722 1603 852 1688 aliquod
885 1602 983 1668 daret.

45 1687 89 1752 llle
121 1691 204 1755 nihil
243 1693 396 1776 gravatus
432 1692 656 1758 lubentissimo
693 1692 801 1756 animo
833 1712 876 1776 se,
912 1712 985 1757 cum

44 1777 150 1864 uellem,
178 1779 344 1844 facturum
367 1801 437 1846 esse
459 1781 635 1866 rospondit.
679 1779 813 1846 Placuit.
859 1777 985 1863 Statim,

47 1885 103 1932 cum
126 1889 185 1950 per
213 1869 322 1953 ipsum
348 1891 440 1934 mora
466 1891 534 1936 non
562 1873 655 1954 esset,
684 1891 750 1934 una
779 1890 899 1951 omnes,
930 1869 985 1952 qui

47 1953 207 2039 aderamus
237 1957 274 2021 in
300 1958 482 2042 proximum
509 1958 691 2024 cubiculum
713 1957 853 2042 ingressi
875 1977 985 2020 eonse-

47 2042 140 2110 dinus.
186 2043 289 2129 Coepi
312 2067 372 2132 ego
401 2047 521 2112 dictare
544 2048 678 2113 nomina
699 2046 826 2128 Latina,
853 2043 986 2130 Graeca,

46 2126 180 2217 Barbara,
205 2133 433 2220 significantia,
454 2136 537 2200 nihil
551 2136 776 2220 significantia,
798 2138 865 2198 tam
888 2134 986 2219 varia,

46 2223 99 2284 tam
125 2223 210 2288 nihil
238 2223 324 2288 inter
350 2244 385 2288 se
414 2225 628 2309 cohaerentia,
654 2227 723 2289 tam
750 2224 860 2306 multa,
889 2226 927 2286 ut
953 2226 987 2286 et

48 2328 94 2393 ego
119 2311 282 2393 dictando,
309 2314 343 2376 et
368 2333 456 2398 puer,
483 2313 535 2378 cui
561 2312 751 2378 mandatum
778 2316 856 2396 erat,
884 2315 922 2376 ut
948 2332 987 2375 ea

48 2398 198 2485 exciperet,
223 2400 401 2486 scribendo,
423 2406 456 2466 et
469 2401 576 2487 oeten,
599 2403 654 2487 qui
668 2404 810 2486 aderant,
828 2400 986 2466 audiendo

48 2488 126 2570 atque
153 2489 371 2573 exspectando
398 2490 476 2556 fessi
501 2491 567 2556 iarn
594 2493 684 2556 miris
711 2490 815 2556 modis
843 2511 987 2554 essemus

49 2594 152 2642 omnes.
206 2577 283 2661 Ipse
318 2599 402 2642 unus
439 2601 478 2643 ex
514 2581 603 2644 omni
638 2601 772 2644 numero
809 2579 915 2643 alacer
950 2601 987 2643 ac

48 2682 142 2730 recens
165 2666 295 2731 assidue
322 2667 417 2750 plura
443 2668 604 2752 poscebat.
652 2666 714 2732 Sed
737 2689 810 2732 cum
834 2687 894 2751 ego
917 2667 987 2749 ipsc

49 2753 162 2820 modum
194 2755 336 2840 aliquem
367 2756 436 2820 fieri
477 2759 624 2840 oportere
660 2755 824 2839 dixissem,
861 2755 988 2819 abunde

49 2841 113 2906 mihi
134 2844 341 2909 satisfactum
353 2844 404 2930 iri,
426 2845 454 2910 si
475 2846 526 2910 vel
550 2845 714 2910 dimidiam
732 2847 857 2929 partem
872 2865 989 2929 eorum,

50 2947 116 3011 quae
138 2932 223 2998 dicta
251 2937 352 3012 erant,
379 2935 513 2999 recitare
541 2937 713 3019 potuisset:
741 2938 811 2998 tum
838 2933 892 2996 illc
924 2932 988 2996 fixo

52 3017 82 3079 ad
100 3023 219 3086 terram
242 3023 359 3088 obtutu
379 3043 501 3109 magna
523 3027 636 3088 nostra
659 3023 803 3088 omnium
826 3024 988 3104 exspecta·

50 3104 122 3172 tione
146 3111 266 3176 tacitus
294 3111 490 3197 aliquamdiu
518 3113 616 3177 stetit.
662 3111 747 3189 Quid
773 3110 878 3175 verbis
907 3131 988 3194 opus

52 3195 109 3260 est?
149 3199 216 3264 vidi
251 3201 387 3285 facinus,
422 3204 459 3266 ut
494 3201 548 3266 ille
586 3202 632 3266 ait
647 3199 682 3284 ¹),
718 3199 989 3266 mirificissimum.

49 3273 82 3344 ‘O
102 3283 273 3371 δαιμόνιος
301 3288 426 3366 ἐκεῖνος
459 3311 592 3356 exorsus
627 3290 717 3376 loqui
746 3290 842 3374 plane
872 3289 990 3374 omnia,

53 3371 147 3440 eodem
170 3377 296 3464 ordine,
323 3399 483 3464 nusquam
509 3401 609 3464 prope
638 3379 801 3464 insistens,
829 3399 989 3462 nusquam

112 3565 130 3636 ¹)
148 3568 257 3627 Terent.
275 3570 383 3626 Phorm
405 3571 439 3628 V.
460 3577 481 3630 6,
503 3577 547 3628 31.
