2368 3956
202 191 266 255 140
576 187 663 244 VAR.
680 187 784 244 LEUT.

201 335 264 402 Sed
278 358 295 400 e
297 335 410 421 tapud
420 333 604 398 Martialem
618 332 751 398 memini
765 352 834 397 esse
850 333 1048 418 epigramma
1057 334 1139 417 quod·

200 425 334 491 damin
355 423 441 488 hane
464 443 522 488 sen
523 423 669 502 tentiam,
691 421 781 486 euius
804 419 886 486 haee
906 422 1104 486 clausulat
1061 445 1091 488 es
1091 420 1139 507 t)¹:

265 546 404 615 Rebas
390 565 426 612 ra
447 545 584 612 unsaris
604 545 697 628 facila
719 550 764 612 est
784 550 971 612 contemnere
992 547 1098 624 vitum

331 635 470 704 Fortiter
491 635 544 702 illa
563 634 650 716 sarit,
672 635 728 718 qui
748 635 843 700 miser
864 655 926 702 esse
942 640 1051 720 polest

553 827 698 896 CAPUT
720 827 809 895 XVI.

235 949 285 1008 DE
302 949 440 1008 VETERI
456 949 674 1020 PROVERBIQ
695 949 769 1016 QUO
787 949 1009 1021 DICEBATUR,
1030 949 1119 1016 QUOD

434 1038 639 1095 PULCHRUM
656 1039 726 1116 EST
743 1038 921 1095 Puncuun.
944 1109 949 1118 .

267 1163 356 1242 Quae
378 1165 514 1250 pulchra
536 1165 625 1250 sunt,
647 1166 767 1232 habere
791 1188 862 1232 eam
884 1167 965 1250 uim,
989 1170 1028 1233 nt
1050 1167 1142 1232 statim

200 1255 525 1354 conspeetaomnrum
534 1255 996 1342 s1b1voluntaemeonerl1ent
1005 1277 1142 1321 amorem

202 1365 265 1428 que
284 1336 473 1428 adiungunt,
495 1343 620 1407 nemini
638 1344 786 1428 ignotum
805 1365 875 1408 esse
894 1344 958 1410 nisi
979 1346 1142 1410 communis

200 1453 314 1498 sensus
338 1432 460 1518 experti
482 1434 601 1516 potest.
638 1431 752 1516 Itaque
776 1432 892 1497 scitum
915 1437 966 1498 est
951 1435 1069 1498 tillud
1084 1433 1141 1497 Ari·

200 1521 339 1605 stotelis,
370 1521 424 1606 qui
453 1521 487 1584 in
489 1523 673 1605 terrogatus
697 1521 737 1584 ab
760 1521 883 1606 aliquo,
911 1523 968 1608 qui
992 1523 1093 1602 fieret,
1069 1527 1143 1586 tut

198 1609 326 1693 pulchri
357 1614 425 1674 tam
457 1609 551 1674 laeile
583 1609 624 1673 ab
657 1608 807 1674 omnibus
838 1615 1042 1676 amarentur:
1072 1611 1143 1676 caeci

199 1718 271 1761 eam
297 1697 348 1762 int
334 1699 588 1784 terrogationem
616 1719 685 1762 esse
711 1698 879 1782 respondit
884 1696 921 1785 ²).
969 1699 1019 1765 Et
1046 1699 1142 1765 Graeci

199 1787 361 1871 sapienter
384 1808 442 1851 sua
463 1787 577 1872 lingua
597 1786 734 1870 pulchro
757 1807 796 1850 ex
814 1808 852 1851 eo
870 1787 1017 1854 indidere
1030 1811 1142 1871 nomen,

200 1875 286 1983 quod
319 1897 432 1940 omnes
464 1874 505 1962 ad
533 1896 566 1939 se
594 1875 729 1940 alliciet:
762 1875 911 1940 dixerunt
897 1878 1030 1942 tenim
1056 1873 1142 1942 uultu

198 1959 286 2061 παρὰ
304 1959 342 2029 τὸ
363 1951 530 2046 ααίεϊν,”
510 1986 562 2028 οτι
579 1959 705 2040 πάντας
723 1957 772 2047 ἐφ’
790 1960 886 2030 ἑαυτὸ
901 1971 1007 2032 καλεῖ.
1037 1966 1142 2032 Testati

199 2056 276 2118 sunt
261 2054 392 2118 tidem
423 2053 557 2138 vulgae
538 2053 667 2118 oolim
695 2053 878 2138 proverbi0,
906 2077 970 2140 quo
1000 2056 1142 2131 dicebant,

198 2143 283 2225 quod
305 2142 476 2227 pulchrum
498 2144 591 2226 esset,
613 2141 646 2205 id
670 2141 798 2206 demum
821 2144 959 2208 amicum
985 2166 1064 2216 esse.
1104 2143 1141 2208 llo

198 2251 276 2380 psus
299 2233 349 2296 est
370 2229 543 2316 Euripides
565 2231 601 2294 in
623 2227 801 2317 Bacchis³),
827 2232 884 2297 ubi
905 2233 958 2298 hie
981 2234 1142 2302 versiculus

212 2318 332 2402 egitur:

237 2428 277 2496 “0
298 2454 331 2495 τι
352 2427 458 2496 καλὸν
480 2435 582 2516 φίλον
605 2425 667 2501 ἀεί.

197 2546 242 2612 Et
259 2545 353 2611 Plato
335 2546 412 2611 oin
416 2545 599 2656 „Lyside⁴):
611 2541 717 2612 Ἀίλὰ
739 2547 785 2636 τῷ
809 2543 881 2614 ὄντα
904 2544 1006 2627 αὐτὸς
1030 2549 1140 2654 ίίιγγαί

197 2631 262 2702 ὑπὸ
288 2635 349 2745 τῆς
370 2634 431 2700 τοῦ
454 2630 599 2719 λόγον’
581 2639 730 2745 απορίας.
761 2634 817 2701 καὶ
839 2637 1048 2722 randanense,
1074 2633 1140 2703 rard

197 2721 260 2810 τὴν
279 2718 422 2826 ἀρχαίαν
439 2726 632 2809 παροιμίαν,
655 2721 692 2790 τὸ
712 2721 826 2790 καλὸν
835 2729 936 2810 φίλον
950 2723 1049 2795 εἶναι.
1075 2727 1140 2792 Eius

198 2819 306 2880 autem
334 2813 492 2898 originem
519 2813 561 2878 ad
582 2811 755 2879 Musast
722 2818 755 2879 et
782 2815 822 2879 ud
846 2813 935 2880 Grat
911 2819 974 2884 tras
998 2817 1140 2882 referunt:

199 2926 281 2989 quae
307 2923 381 2968 eum
409 2902 637 2968 convenissent
663 2902 704 2966 ad
726 2907 809 2987 nupt
810 2903 858 2968 ias
881 2901 996 2969 Uadmr
1020 2909 1053 2970 e
1038 2903 1141 2970 tHnr·

197 2993 339 3077 moniae,
366 2991 537 3076 pulchrum
565 3011 707 3076 carmen,
735 3013 798 3076 quo
827 3013 865 3057 ea
892 2995 1055 3059 sententia
1080 3014 1140 3058 con-

197 3081 367 3159 tineretur,
399 3079 575 3146 immortali
602 3101 656 3145 ore
685 3081 872 3166 cecinerint,
903 3103 1007 3148 novae
1035 3084 1139 3166 nuptae

199 3169 485 3252 pulchritudinem,
517 3170 555 3235 ut
585 3169 758 3236 verisimile
791 3175 853 3255 est,
885 3171 1139 3238 commendantes.

272 3323 355 3394 ².)x1
375 3329 417 3380 66.

270 3394 389 3466 ¹)Diog.
409 3395 501 3452 Laert.
516 3393 550 3451 V.
565 3401 608 3454 20.

270 3465 335 3533 ⁸)v.
355 3471 416 3521 879.

270 3535 339 3605 ⁴.)p
359 3541 419 3591 216.
439 3535 467 3592 O.
