2326 3942
303 225 485 282 aersrouu
502 227 601 284 xxm.
766 225 769 230 ·
885 228 928 294 35

11 370 97 434 scribit.
123 369 195 450 aab
208 369 531 454 malmudarium?
554 372 600 436 ait
608 369 774 457 Hispanus
832 369 927 460 οισι)

11 457 51 522 Sed
69 459 105 522 sit
124 459 213 542 satis3
241 460 358 526 saltem
384 481 426 525 na
453 481 505 524 me
532 460 726 539 traduceret,
749 481 783 526 se
827 459 927 548 (quod

11 567 102 629 semper
124 547 307 631 pollicetur,
334 569 500 632 nunquam
527 548 684 633 praestat)
711 569 815 635 nugas
838 571 927 614 meas

11 635 96 718 legaret
120 635 213 700 solus.
258 633 370 716 Nunc,
397 636 473 722 quia
507 636 555 701 ita
581 658 632 702 me
665 641 765 716 amat,
792 641 829 702 ut
855 659 928 708 mea

11 723 87 786 onnia
105 723 253 804 miretura
276 745 335 788 vos
358 745 484 812 quoque
511 723 573 790 sibi
595 745 665 792 esse
691 724 789 798 husim
810 725 928 792 erroris

10 811 80 876 socios
102 815 193 896 putat
220 816 255 876 et
281 834 320 876 ea
347 827 442 906 saepe
469 813 561 879 vobis
591 815 631 896 ut
662 812 850 882 admiranda
882 813 927 878 di-

10 899 97 978 laudat,
122 922 201 986 quae
229 922 305 986 voa⁸
335 904 387 976 sat
417 899 498 980 saio,
529 901 786 969 contemneretis.
830 900 927 974 Misso

16 998 88 1052 *alera
114 985 185 1054 Hoc
207 987 248 1053 de
262 986 385 1059 Graeca
406 989 573 1076 tragoedia
591 990 685 1076 quala
708 989 779 1058 est?
814 987 928 1074 Neque

10 1077 126 1142 inmuni
147 1077 218 1155 tibi,
242 1079 278 1144 ut
291 1079 397 1172 putas,
419 1077 476 1142 sed
499 1078 571 1142 aliis
585 1078 802 1162 compluribus
816 1077 928 1144 amicis

10 1163 68 1248 lixit,
86 1163 198 1230 vidisse
223 1187 258 1230 se
272 1165 359 1250 apud
373 1187 424 1230 me
437 1165 639 1252 tragoediam
654 1165 816 1252 quandam
831 1165 928 1232 Grae-

9 1273 54 1315 an
71 1253 300 1320 admirabilem:
329 1275 402 1320 oum
428 1257 540 1320 tamen
566 1275 627 1339 ego
655 1253 771 1322 Latina
799 1254 928 1340 quidem

10 1339 61 1404 luas
81 1345 205 1406 tantum
233 1341 492 1408 adolescentulus
523 1342 706 1430 tragoedias
738 1343 929 1426 scripserim,

9 1427 32 1490 la
51 1428 159 1496 Graeca
192 1429 364 1522 tragoedia
396 1430 566 1496 scribenda
597 1452 777 1516 nunquam,
802 1451 844 1496 ne
871 1452 928 1514 per

10 1519 130 1582 sommum
156 1519 303 1604 quidem,
331 1519 509 1605 cogitarim.
554 1517 629 1584 Non
654 1539 692 1586 αι
711 1521 759 1588 vsa
785 1515 928 1603 aninso.²)

9 1603 35 1666 bt
56 1611 154 1672 tamen
181 1607 238 1672 vix
266 1607 393 1693 eredas,
420 1611 499 1692 quot
530 1607 610 1672 mihi
641 1607 825 1694 tragoedias
854 1607 929 1670 ficta

10 1691 43 1755 lla
65 1695 228 1779 tragoedia
259 1696 445 1763 conciderit:
477 1696 603 1778 multis,
630 1695 686 1779 qui
712 1717 751 1760 ex
779 1716 817 1760 eo
848 1694 929 1762 illud

9 1781 151 1868 audierant,
179 1784 251 1848 eius
278 1783 435 1870 legendae
461 1787 656 1868 potestatem
688 1783 750 1848 sibi
776 1783 846 1848 fieri
872 1805 928 1870 po-

9 1872 164 1938 stulantibus
194 1893 401 1957 mecumque,
429 1873 515 1956 quod
542 1871 576 1940 id
604 1892 672 1936 non
698 1871 851 1954 facerem,
878 1892 928 1934 ex·

8 1961 221 2040 postulantibus.
249 1958 400 2026 Narrabo
423 1961 483 2026 tibi
497 1981 565 2032 reru
587 1962 702 2042 totam,
723 1963 761 2024 ut
782 1963 819 2024 tu
832 1979 928 2041 porro

8 2065 101 2113 sarrae
127 2049 202 2114 aliis
229 2049 347 2134 possis.
392 2047 598 2132 Sumpseram
626 2046 715 2113 haud
737 2047 784 2112 ita
805 2046 929 2130 pridem

9 2135 96 2202 ¹ebosus
116 2138 152 2202 in
174 2158 296 2206 manus
320 2135 460 2206 Senecae
483 2135 667 2221 tragoedias
690 2157 807 2220 easque
830 2135 930 2200 animi

8 2243 87 2289 reclusa
107 2225 298 2298 evolvebam
322 2246 359 2290 ac
377 2225 461 2291 forts
484 2225 659 2290 incideram
679 2223 714 2293 in
736 2223 930 2308 principium

9 2307 139 2380 Troadum.
185 2314 241 2380 Ita
272 2314 361 2378 enim
392 2312 571 2380 vocandam
602 2317 695 2397 puto,
722 2334 803 2401 quae
832 2313 930 2396 vulgo

9 2397 89 2465 dicitur
109 2403 223 2470 Troas.
252 2401 365 2475 Libuit
386 2405 523 2486 tentare,
545 2422 624 2466 num
647 2399 724 2484 quid
747 2399 866 2470 Graece
889 2399 930 2466 si-

9 2487 56 2552 uile
74 2511 210 2576 possem,
233 2494 267 2555 et
290 2489 398 2558 subito
417 2489 557 2574 quodam
580 2490 704 2578 impetu
730 2489 778 2552 ita
800 2509 931 2556 exorsus

10 2595 64 2640 sun:

50 2704 88 2764 ss
103 2726 152 2779 τις
174 2698 336 2790 αυρᾶννρ
357 2695 472 2785 θυμὸν
495 2698 647 2786 ἐξαρθεὶς
668 2694 753 2784 crim

53 2790 173 2874 Φρένας
196 2789 322 2874 γέγηθε
344 2790 481 2874 γαῦρος,
503 2782 524 2872 ἢ
547 2784 758 2872 κομπάζεται,

49 2870 91 2953 Ἐς
112 2875 163 2946 ἀεὶ
185 2875 224 2945 πὸ
249 2885 350 2944 θεῖον
371 2873 495 2944 samba
518 2875 652 2952 ἐλπίσας
674 2886 799 2959 μενεῖν,

47 2958 132 3048 Ἐμοί
150 2991 187 3032 τε
210 2969 270 3034 καί
290 2982 355 3048 σοι,
378 2961 525 3050 δύσμορε
551 2959 657 3050 Τροί,
680 2962 843 3048 apparea.

53 3049 93 3118 od
122 3053 188 3141 γάρ
220 3048 302 3121 ποθ’
334 3055 369 3120 od
397 3051 475 3118 beot
504 3048 544 3118 σὰ
575 3048 665 3138 παρὰ
691 3063 761 3159 τρῖς
791 3056 931 3134 θνητοῖς

614 3158 650 3207 σε
675 3165 719 3205 να

52 3231 260 3318 Σαφέσπερον
283 3225 471 3312 ἀπέδειξαν,
493 3225 539 3306 ὡς
560 3225 645 3294 πάντ
682 3223 824 3312 ἀσθενῆ,

51 3319 183 3386 nascas
205 3315 234 3386 π’
260 3315 399 3405 ἄθυρμα
421 3316 477 3384 καὶ
499 3319 629 3383 καπνοῦ
652 3317 745 3393 σκιᾶς
767 3311 860 3402 ὄναρ.

55 3409 126 3490 Φεῦ,
148 3410 224 3492 φεῦ,
247 3403 284 3473 τὸ
308 3403 442 3472 κλεινὸν
466 3408 600 3492 ἔρεισμα
621 3406 679 3489 τῆς
700 3402 781 3490 πρὶν
804 3399 919 3486 ὀλβίας

59 3561 75 3627 ¹)
90 3563 225 3621 Martialis
245 3565 332 3635 epigr.
346 3564 394 3620 XI.
413 3568 456 3632 23,
475 3569 500 3618 3.
552 3561 571 3629 ¹)
591 3561 630 3617 of.
649 3559 732 3678 Verg.
747 3561 814 3614 Aen.
829 3560 850 3628 Ι,
869 3563 928 3614 529.

681 3651 697 3699 3
