2328 3956
319 210 497 266 EPISTOLA
516 211 641 266 XXXIII.
915 210 958 274 49

33 355 133 436 prodiit.
174 354 334 440 Equidem
362 357 457 420 antea
480 358 513 420 et
539 355 651 440 magni
676 355 835 421 faciebam
860 358 894 420 te
922 378 960 420 ex

33 444 134 526 scriptis
158 444 236 527 tuis,
264 447 297 508 et
320 445 469 510 amabam
496 465 555 528 pro
583 443 714 527 iudicio,
737 444 822 528 qnod
850 465 959 509 aman·

32 532 129 596 tissime
150 531 187 596 de
210 532 388 596 emendatis
413 554 432 596 a
454 553 505 597 me
523 531 665 596 Terentii
687 532 805 597 sabulis
828 533 959 597 feceras.

32 618 104 684 Nunc
124 641 209 704 voro,
238 620 318 686 mihi
341 621 447 706 crede,
472 623 565 684 tanta
588 615 727 686 accessio
754 624 886 704 propter
908 619 960 685 Li-

31 709 113 790 psIum
133 709 219 774 facta
241 713 291 774 est
313 713 346 773 et
368 709 409 773 ad
432 709 617 792 opinionem
640 709 679 773 de
701 713 733 773 te
757 713 789 772 ct
811 710 852 774 ad
875 732 960 774 amo·

31 817 80 860 rem
99 817 171 882 erga
192 802 226 862 te
250 820 370 881 meum,
396 797 478 866 nihil
500 801 537 861 ut
563 799 668 883 magis
697 797 836 881 cupiam,
865 821 961 883 quam

32 886 206 951 occasionem
228 887 309 952 mibi
331 888 472 971 aliquam
493 887 562 952 dari
585 887 768 952 declarandi
789 887 850 950 tibi
872 909 906 950 re
930 890 962 950 et

31 973 113 1057 tactis,
139 977 254 1060 quanti
286 976 371 1060 apud
402 997 453 1040 me
482 975 534 1040 sis.
580 973 679 1041 Ouius
711 976 758 1040 rei
790 977 819 1040 si
849 975 963 1040 libebit

31 1063 180 1142 periculum
212 1064 331 1147 Iacere,
364 1085 483 1150 quaeso
511 1067 557 1148 te,
590 1064 617 1130 si
645 1065 700 1149 qui
730 1064 793 1128 huc
824 1065 963 1148 venient,

32 1172 90 1233 quos
109 1155 144 1216 tu
166 1173 266 1236 ames,
288 1154 520 1239 praecipueque
535 1153 591 1238 qui
612 1153 754 1218 habeant
778 1152 898 1238 aliquid
921 1153 962 1216 si-

30 1239 84 1302 mile
103 1239 213 1324 Lipsii,
236 1244 273 1306 ut
287 1263 341 1308 eos
363 1241 443 1308 mihi
465 1241 670 1326 potissimum
692 1242 962 1307 commendandos

30 1330 108 1407 putes.
142 1328 231 1396 Nam
255 1329 365 1396 eadem
389 1352 487 1416 opera
509 1335 542 1396 et
564 1350 624 1415 ego
647 1330 728 1395 mihi
749 1331 882 1395 videbor
906 1332 962 1395 abs

29 1420 50 1477 te
72 1416 257 1484 beneficium
284 1421 426 1504 accipere
450 1424 483 1485 e
468 1419 651 1485 tconabor
677 1419 816 1502 efficere,
843 1422 879 1482 ut
901 1419 964 1502 ipsi

31 1526 132 1591 quoque
154 1529 195 1574 eo
217 1509 348 1574 nomine
371 1508 491 1594 aliquid
515 1530 548 1574 se
571 1508 632 1573 tibi
655 1508 826 1593 aliquando
850 1507 963 1572 debere

30 1594 176 1662 fateantur.
223 1595 314 1662 Vale.
337 1597 468 1664 Romae.
491 1617 537 1663 111
551 1595 636 1662 Non.
650 1595 752 1682 April.
766 1613 896 1662 mccxx.

412 1843 564 1911 XXXIII.

199 1971 247 2046 Μ.
275 1971 518 2046 ANTONIUS
545 1969 769 2046 MURETUS

234 2107 398 2164 HORATIO
418 2106 641 2164 GARDANE'I'O
661 2106 730 2164 SUO
804 2115 805 2118 ’

457 2197 479 2240 S.
492 2198 520 2240 D.

77 2301 126 2370 Ad
153 2327 211 2371 eas
238 2307 377 2390 litteras,
406 2328 486 2391 quas
509 2329 529 2370 a
555 2309 587 2372 te
615 2305 733 2371 amoris
761 2304 965 2390 plenissimas

29 2409 110 2474 nuper
131 2395 257 2479 accepi,
281 2395 390 2460 statim
413 2395 663 2479 respondissem,
687 2395 714 2460 si
737 2395 859 2460 otiosus
888 2394 965 2458 fuis·

30 2499 87 2546 sen.
130 2481 197 2548 Sed
226 2504 314 2548 eram
342 2486 514 2567 occupatus
537 2484 572 2548 in
598 2483 855 2568 recognoscendo
878 2483 966 2548 volu·

29 2570 95 2634 nine
121 2572 265 2656 quodam
292 2573 475 2637 orationum
501 2593 657 2655 mearum,
687 2571 773 2657 quod
796 2594 815 2636 a
842 2593 893 2635 me
915 2571 966 2635 his

31 2661 230 2742 superioribus
245 2661 356 2726 diebus
378 2660 503 2726 librarii
517 2663 720 2725 extorserunt
740 2659 856 2741 verius,
870 2681 968 2742 quam

30 2745 234 2832 inpetrarunt.
263 2749 402 2814 Omnino
422 2749 508 2814 enim
526 2749 754 2813 constitueram
776 2747 858 2811 nihil
880 2751 967 2830 post·

30 2834 74 2901 hac
98 2837 252 2903 scribere:
281 2838 337 2902 sed
359 2858 430 2921 mc,
446 2839 483 2901 ut
505 2837 674 2902 consilium
700 2839 867 2917 mutarem,
890 2835 967 2900 ami·

30 2945 120 2992 eorum
141 2926 242 2992 nimis
264 2927 346 2991 bene
369 2925 408 2990 de
430 2947 481 2990 me
505 2926 711 2990 sentientium
732 2946 800 2990 non
823 2925 968 2989 cohorta-

29 3014 115 3080 tiones
137 3014 246 3099 modo,
270 3016 326 3080 sed
348 3035 457 3098 preces
481 3013 626 3080 assiduae
649 3016 831 3098 co'e‘gerunt.
867 3011 907 3076 In
931 3033 968 3078 eo

30 3101 110 3185 igitur
133 3125 224 3168 eram
248 3107 430 3188 occupatus,
453 3125 526 3168 cum
549 3103 656 3187 accepi
679 3101 803 3166 litteras
823 3103 912 3166 tuas:
937 3105 970 3167 et

30 3192 108 3257 simul
118 3193 220 3294 cogit
205 3193 281 3276 t,avi
304 3192 333 3257 si
354 3191 463 3276 paullo
487 3191 588 3257 serius
602 3190 837 3274 responderem,
861 3190 970 3255 damni

30 3279 125 3344 nibil
116 3303 152 3345 ιιι
175 3301 266 3347 mora
288 3281 365 3345 fore.
393 3279 442 3344 De
464 3281 535 3346 loco
553 3281 609 3346 illo
624 3279 787 3346 Ciceronis
810 3299 877 3345 non
890 3284 969 3363 puto

29 3369 53 3429 te
72 3370 230 3453 dub1tare,
254 3370 333 3454 quin
356 3370 516 3434 sententia
538 3373 595 3433 tua
616 3389 691 3434 vera
714 3369 765 3433 sit.
810 3367 896 3432 Nam
919 3368 970 3432 vel

30 3453 200 3542 idipsum,
231 3458 317 3558 quod
349 3458 396 3522 ais
428 3458 529 3524 videri
559 3477 654 3558 posse
688 3457 828 3538 obstare,
865 3454 970 3536 magis

29 3543 112 3612 etiam
134 3568 214 3630 cam,
239 3547 266 3610 si
289 3547 466 3612 accurate
457 3546 619 3634 inspicias,
641 3545 816 3612 confirmat.
794 3539 877 3606 sss·
893 3539 970 3624 quid

51 3659 140 3700 linum
153 3669 199 3701 sca
212 3670 263 3702 san.
276 3669 301 3700 ιι.
740 3653 757 3698 4
