2326 3942
366 208 546 266 EPISTOLA
564 208 610 263 IV.
952 210 969 272 7

45 353 126 440 ames)
146 355 275 420 memini
300 354 341 419 ad
362 357 394 419 te
418 353 564 438 scribere,
586 353 672 438 quod
693 375 760 418 non
783 353 887 418 dicam
909 355 973 419 edi-

45 447 121 528 tione,
142 443 195 507 sed
217 443 355 508 lectione
368 461 563 528 magnopere
578 442 711 527 dignum
734 446 890 526 putarem.
923 440 974 507 Sic

44 533 111 595 enim
131 531 232 597 scribo
256 531 298 596 ad
320 534 362 615 te,
384 553 451 597 non
473 531 566 616 quasi
588 531 629 595 ad
656 552 757 595 unum
779 531 895 596 aetatis
917 552 974 596 no·

44 625 109 684 stae
132 619 295 685 hominem
319 619 538 685 doctissimum
561 623 594 683 et
616 618 746 704 linguae
769 617 904 684 Latinae
926 620 974 684 in-

42 709 321 793 telligentissimum,
344 708 399 773 sed
412 711 568 793 tanquam
583 708 624 772 ad
637 708 776 772 amicum
796 708 975 774 arctissima

42 797 103 861 nihi
121 796 355 862 necessitudine
369 801 402 861 et
414 796 633 861 familiaritate
652 796 867 881 coniunctum,
890 797 975 880 apud

43 907 115 969 quem
135 887 169 950 in
190 885 353 971 loquendo
366 906 433 950 non
455 884 551 950 modo
565 906 694 969 peccare
717 885 848 968 impune
871 884 975 968 liceat,

44 996 128 1038 verum
159 975 271 1058 etiam,
299 974 327 1038 si
355 974 426 1059 quis
457 993 611 1059 magnam
638 973 839 1058 diligentiam
869 973 905 1038 in
937 995 974 1038 eo

41 1065 131 1146 ponat,
156 1066 194 1127 ut
221 1085 262 1128 ne
290 1065 413 1147 peccet,
439 1062 469 1127 is
497 1083 535 1128 eo
567 1063 638 1147 ipso
664 1083 796 1146 peccare
822 1061 975 1126 videatur.

41 1149 131 1236 ltaque
151 1171 193 1215 ne
216 1151 358 1236 relegere
382 1151 511 1236 quidem
534 1151 630 1234 soleo,
653 1171 734 1236 quae
753 1151 795 1228 ad
816 1154 848 1215 te
871 1151 975 1216 mitto.

41 1239 211 1305 luctamen
225 1239 392 1306 arbitratu.
420 1238 493 1306 Scio
508 1241 593 1303 enim
606 1241 639 1303 te
657 1259 747 1304 meae
764 1239 852 1304 laudi
875 1260 975 1324 aeque

41 1328 124 1392 farere
145 1351 182 1394 aa
210 1333 301 1413 tuae3
329 1349 434 1415 neque
456 1349 532 1392 vero
559 1327 640 1392 mihi
667 1349 773 1411 sumo,
799 1331 836 1392 ut
857 1327 893 1391 in
914 1327 975 1391 hac

42 1438 64 1478 re
83 1421 132 1481 aut
145 1417 279 1482 omnino
302 1419 368 1482 ulla
389 1419 473 1482 inre
495 1417 568 1499 plus
582 1414 707 1480 videam
721 1437 817 1501 quam
839 1419 884 1479 tu.
913 1413 975 1480 Sed

42 1504 69 1566 de
86 1505 131 1570 his
154 1506 236 1570 satis
258 1510 315 1570 aut
337 1505 435 1570 etiam
457 1505 530 1588 plus
554 1504 642 1568 satis.
670 1503 810 1568 Obsecro
833 1506 875 1586 te,
898 1504 976 1589 quid

43 1597 87 1675 est,
111 1595 197 1679 quod
219 1596 270 1677 tu,
297 1592 383 1679 quod
410 1593 495 1677 apud
518 1614 569 1657 me
593 1591 712 1658 Catulli
738 1592 896 1676 reliquum
918 1595 976 1675 est,

42 1681 65 1743 id
81 1681 172 1746 biduo
197 1681 241 1746 ad
262 1685 294 1746 te
317 1681 404 1746 mitti
425 1681 533 1766 petis?
560 1703 602 1745 an
624 1702 691 1745 non
714 1680 792 1744 satis
815 1683 877 1764 est,
900 1679 976 1744 dum

41 1791 69 1831 ne
86 1769 145 1838 tuis
171 1770 210 1834 in
237 1791 329 1835 mora
356 1769 440 1834 sim?
467 1791 650 1854 quanquam
677 1768 792 1834 faciam
820 1767 976 1853 equidem,

42 1859 106 1939 quod
130 1859 236 1942 voles3
270 1858 326 1923 sed
354 1879 458 1944 neque
490 1857 571 1922 mihi
601 1879 705 1942 neque
736 1856 797 1922 tibi
829 1856 976 1942 expedire

41 1945 116 2010 istam
137 1947 337 2012 celeritatem
359 1951 447 2030 puto.
493 1944 629 2012 charta·
653 1945 882 2032 quinquenne
904 1966 976 2009 cum

41 2034 77 2098 his
95 2036 211 2101 litteris
225 2035 371 2119 accipies.
399 2034 522 2120 Cetera,
544 2035 601 2098 ubi
618 2035 715 2117 volco,
737 2036 850 2117 parata
873 2037 975 2098 erunt.

41 2119 75 2185 De
94 2123 292 2209 Hieronymo
305 2127 362 2188 tuo
384 2124 476 2189 valde
490 2123 637 2209 equidem
660 2122 760 2187 miror
782 2125 823 2206 et,
844 2141 918 2186 vere
941 2125 977 2185 ut

41 2211 131 2296 dicam,
152 2214 210 2278 vix
224 2213 394 2278 consilium
407 2211 443 2277 in
464 2233 550 2276 aare
572 2216 664 2276 tuum
686 2211 817 2275 laudare
836 2231 976 2294 possum.

41 2297 197 2366 lentillum
225 2321 361 2385 puerum
387 2304 455 2366 tam
482 2301 595 2384 procul
622 2299 788 2385 ablegari?
818 2320 921 2383 neque
944 2302 976 2362 te

41 2390 718 2544 lldt⁰llffildqddtllttd
733 2387 978 2541 ‘illuster

41 2562 104 2630 llihi
129 2567 236 2652 crede,
263 2567 354 2631 valde
383 2587 599 2632 commoveor:
626 2587 700 2630 arno
727 2566 813 2630 enim
844 2585 978 2648 puerum

41 2653 113 2720 illum
133 2655 317 2741 insigniter,
338 2659 408 2720 tum
426 2655 502 2741 quia
523 2658 598 2719 tuus
621 2658 680 2738 cst,
701 2657 772 2718 tum
793 2653 870 2738 quia
892 2653 978 2716 miri-

41 2740 84 2806 fice
103 2743 246 2809 festivus.
290 2743 336 2810 Et
361 2744 441 2809 mihi
463 2744 552 2808 venit
578 2743 613 2807 in
635 2745 789 2825 mentem,
817 2760 898 2825 quae
925 2740 979 2804 ille

41 2829 417 2986 iterumue
440 2833 815 2986 {cicinni

42 3009 197 3074 cunditatis
221 3013 307 3075 esset
328 3009 363 3074 in
382 2944 459 3074 'wia
485 3007 609 3091 ,Deum
631 2941 742 3072 tanicn
764 2969 980 3089 caelestesque
1007 3038 1010 3046 ·

43 3113 135 3162 onnes
158 3098 320 3162 exanimo
339 3119 532 3182 comprecor.
554 3101 591 3162 ut
612 3097 779 3162 fortunent
796 3092 881 3180 quod
900 3093 980 3179 agis.

42 3179 75 3245 nt
95 3186 187 3270 aliud,
211 3186 296 3272 quod
310 3187 456 3270 scribam,
478 3185 561 3250 nihil
583 3189 641 3267 est,
664 3183 851 3249 etMolinus
870 3186 981 3248 noster

43 3290 81 3334 ue
102 3274 264 3358 admonet,
290 3274 487 3340 redeundum
513 3295 583 3340 esse
611 3275 651 3338 ad
674 3271 845 3339 Catullum.
890 3270 980 3337 Nihil

42 3357 124 3442 igitur
145 3362 271 3448 addam,
292 3364 356 3429 nisi
378 3364 479 3448 ipsius
502 3363 632 3428 nomine
654 3361 826 3446 plurimam
848 3360 909 3425 tibi
932 3382 981 3423 sa·

42 3444 134 3516 luten.
160 3451 271 3516 Etiam
292 3451 465 3517 Herculem
486 3455 579 3516 tuum
600 3454 713 3516 nostro
735 3450 901 3533 utriusque
924 3469 981 3510 no-

44 3537 114 3602 nine
135 3540 308 3624 plurimum
325 3543 362 3606 ut
380 3541 509 3625 salutes,
531 3543 597 3604 ate
619 3539 773 3623 petimus:
797 3555 982 3621 quanquam
