2368 3956
414 241 533 298 CAPUT
551 243 621 298 LVI.
930 247 993 310 193

53 383 133 449 nodo
152 383 259 450 vicere
282 385 463 469 patiuntur:
487 387 534 452 ait
556 388 655 472 enirn,
681 409 827 454 coenon
851 389 993 456 animad-

53 474 171 558 vertere,
197 493 233 539 se
259 473 296 540 in
316 495 356 538 eo
378 473 613 558 imprudentiae
641 496 678 541 ac
699 477 875 542 temeritati
897 479 994 544 licen·

51 561 117 625 tiam
139 561 180 626 ad
197 561 364 628 faciendas
377 563 511 628 iniuriae
526 565 610 630 dare.
656 564 763 650 Atque
785 566 848 632 hoc
860 568 994 652 exponit

50 649 91 714 his
116 649 234 716 verbis:
261 645 348 716 dca’
378 651 414 716 οἱ
437 647 482 736 μὴ
509 652 567 736 τῆς
593 647 723 762 vitantes
748 651 872 738 ταύτης
893 653 993 740 ἕρῤω-

50 735 143 819 μένος
169 733 493 848 ἀπολαμβανόμενοι
523 741 563 827 τῇ
595 745 694 829 ανοίᾳ
721 738 873 819 ἃιδόννες
905 743 994 822 ἕξον-

50 829 115 890 σίαν
137 825 189 892 aa
211 823 252 892 τὰ
275 824 461 912 αὓικήματα
488 825 708 898 λανθάνουσι.
753 830 815 896 Sed
840 831 894 897 hic
918 853 994 918 quo-

50 937 100 998 quc
121 917 161 1001 τῇ
184 917 320 1006 διανοίᾳ
341 937 510 1002 perperam
532 918 567 983 in
590 919 731 1004 vulgatis
753 919 994 1006 libris-legitur.

391 1162 535 1232 CAPUT
556 1163 640 1232 LVI.

48 1281 100 1346 QUI
127 1283 211 1339 SINT
234 1283 373 1340 VERSUS
402 1287 607 1341 ΙΣΟΨΗΦΟΙ.
652 1285 903 1342 DEOLARATUM
925 1287 996 1344 EPI-

48 1370 196 1426 GRAMMA
219 1371 403 1428 GRAEOUM.
443 1373 536 1428 ITEM
557 1373 719 1441 ALIQUOT
742 1375 995 1442 QUAESTIONRS

61 1459 251 1532 LUDIORAE,
271 1461 369 1528 QUAE
387 1461 671 1606 ᾓξέοξξζὲἒΰοί
688 1463 974 1534 PROPONUNTUR,

103 1673 181 1740 Non
208 1677 356 1760 equidem
384 1699 526 1762 unquam
554 1677 703 1762 cuiquam
731 1682 842 1744 auctor
871 1678 996 1764 fuerim,

48 1765 77 1825 ut
101 1768 237 1848 quaerat
268 1766 353 1850 apud
380 1765 558 1832 Homerum
589 1787 700 1832 versus
733 1763 936 1851 ἰσοψήφονςς
969 1767 997 1832 si

47 1851 109 1932 quis
131 1856 243 1918 tamen
264 1876 369 1940 neque
387 1855 499 1939 habet,
522 1854 608 1938 quod
630 1859 720 1940 agat,
743 1859 776 1919 et
797 1856 880 1919 nihil
902 1877 997 1961 agere

48 1960 104 2004 non
125 1943 248 2026 potest,
270 1943 420 2008 indicabo
443 1943 481 2027 ei,
505 1943 558 2027 qui
581 1964 693 2008 versus
715 1943 863 2008 dicantur
881 1945 997 2027 ίσοψη-

46 2051 111 2109 φοα
134 2052 216 2114 quos
240 2031 268 2095 si
291 2052 443 2116 quaerere
465 2033 580 2115 postea
597 2032 700 2116 uolet,
722 2033 908 2116 praestabo,
929 2054 998 2098 non

47 2116 147 2182 defore
177 2119 226 2183 illi
257 2119 314 2184 ubi
346 2141 380 2184 se
412 2123 565 2184 exerceat.
624 2117 706 2184 Cum
737 2120 837 2206 igitur
871 2121 997 2185 litterae

46 2203 234 2273 Graecorum
257 2208 354 2272 etiam
377 2208 418 2272 ad
444 2229 596 2274 numeros
619 2207 860 2294 significandos,
881 2213 919 2274 ut
940 2231 997 2273 nc-

47 2297 108 2360 tcm
132 2300 194 2380 est,
217 2296 444 2382 adhibeantur,
472 2319 610 2382 quorum
632 2315 782 2362 versuum
806 2317 918 2362 omnes
936 2297 997 2370 ¹lit·

48 2385 125 2448 terne
152 2405 212 2468 pro
239 2388 382 2450 numeris
404 2388 553 2469 acceptae
580 2385 718 2450 eundem
739 2406 909 2450 numerum
932 2385 998 2450 effi·

46 2476 149 2537 cerent
167 2495 209 2538 ac
223 2475 471 2557 constituerent,
490 2493 549 2538 eos
563 2494 674 2538 versus
693 2471 884 2558 ἰσοψήφους
906 2495 998 2540 voca·

47 2559 128 2626 bant
187 2559 268 2626 nius
303 2563 349 2626 rei
386 2563 568 2645 exemplum
606 2561 775 2626 ostendam
806 2563 841 2626 in
874 2562 998 2627 duobus

45 2650 240 2732 nominibus,
254 2649 428 2736 eademque
443 2649 612 2714 declarabo
626 2650 827 2736 epigramma
840 2649 999 2714 Graccum

45 2737 154 2803 incerti
177 2737 318 2804 auctoris
341 2739 455 2803 elibrc
474 2738 612 2804 secundo
627 2737 843 2823 Anthologies
853 2735 889 2825 ¹),
913 2737 1000 2823 qnod

45 2827 95 2909 qui
116 2827 300 2911 explicarit,
321 2827 484 2892 neminem
498 2827 602 2892 adhuc
615 2827 707 2892 video
731 2826 901 2892 exstitisse.
929 2825 999 2891 Pri-

45 2934 129 2979 mum
151 2915 252 3000 igitur
273 2915 353 2980 illud
375 2915 570 3008 adscribam:

84 3035 296 3124 Δαμαγόραν
317 3035 372 3104 καὶ
395 3035 515 3124 λοιμὸν
538 3035 710 3122 ἰσόψηφόν
731 3061 781 3116 τις
803 3031 948 3116 ἀκούσας

118 3121 257 3212 ”Εσνησ’
283 3121 482 3214 ἀμφοτέρων
503 3124 565 3194 τὸν
586 3123 713 3211 τρόπον
736 3125 772 3192 ἐκ
794 3123 948 3205 κανόνος.

78 3210 139 3292 Ὡς
159 3211 198 3282 τὸ
222 3213 322 3302 μέρος
345 3212 383 3282 δὲ
395 3209 580 3283 ναθείλκεο’
605 3210 814 3282 ἀνελκυσθὲν
830 3211 868 3282 τὸ
882 3213 1004 3284 τάλαν-

85 3389 309 3478 Δαμαγόοον,
332 3388 454 3478 λοιμὸν
477 3387 509 3458 δ’
535 3381 633 3480 εὗρεν
656 3327 890 3480 ἐλαφρόῖἓὲον.
939 3457 942 3464 .

114 3583 136 3655 ¹)
155 3585 186 3640 Τ.
205 3584 252 3640 IV.
271 3603 300 3654 p.
320 3591 371 3641 135
389 3585 432 3641 ed.
451 3584 563 3642 Jacobs.
671 3577 672 3580 ’

93 3690 190 3732 Meam
203 3702 236 3734 rr.
251 3701 302 3733 ern.
314 3692 346 3733 11.
755 3679 788 3728 13
