2368 3956
204 177 268 242 134
578 173 663 230 VAR.
683 174 785 230 LEGT.

201 323 368 390 haesitans
400 321 495 388 nobis
527 321 734 404 stupentibus
764 319 914 384 reddidil.
954 319 1074 385 Deinde
1107 322 1139 384 ab

201 413 316 478 ultimo
331 411 489 496 incipiens
512 429 764 474 sursumversus
786 410 934 494 peruenit
956 409 996 474 ad
1008 410 1140 493 primum.

202 501 326 566 Rursus
357 501 414 585 ila,
449 503 486 564 ul
514 499 664 584 primum,
694 498 836 582 urcium,
867 499 1015 582 quintum
1045 519 1081 564 ac
1105 501 1141 563 sic

203 590 352 673 deinceps
366 588 475 654 omnia
488 587 616 652 diceret.
647 585 720 664 Quo
741 586 879 672 denique
902 588 1142 672 quisqucrolus·

202 682 254 743 rel
276 678 397 762 ordine,
420 678 489 743 sino
511 677 578 742 ullo
602 695 708 741 errore
731 676 841 740 omnia
863 675 1031 742 referebat.
1065 676 1142 742 Iden

203 771 329 852 postea,
353 788 426 832 cum
448 765 565 831 eiiam
588 764 778 830 familiarior
799 765 903 830 faclus
927 787 1042 850 essem,
1063 785 1143 850 saepe

202 859 352 940 expertus
374 875 602 941 usquequaque
620 874 733 920 verum
756 854 960 938 deprehendi.
991 854 1143 940 Ipsemihi

203 945 375 1030 aliquando
412 943 601 1026 affirmarit,
636 945 670 1008 et
701 945 771 1008 erat
802 943 843 1008 ab
884 945 974 1008 omni
1004 945 1145 1010 iactantia

202 1034 428 1117 alienissimus,
464 1054 498 1097 rc
526 1031 664 1118 triginta
695 1053 751 1096 sex
786 1032 888 1096 millia
918 1034 1087 1099 nominum
1115 1057 1144 1100 eo

202 1123 298 1186 modo
312 1123 446 1186 recitare
468 1141 572 1206 posse.
609 1119 764 1206 Quodque
788 1121 1011 1188 admirabilius
1034 1127 1089 1207 est,
1108 1124 1145 1186 ilc

201 1210 379 1276 haerebant
414 1209 523 1274 omnia
551 1209 588 1274 in
618 1210 741 1294 animo,
776 1214 814 1275 ul
848 1211 900 1275 vel
930 1213 1008 1295 post
1039 1234 1145 1276 annun

202 1299 322 1364 diceres
357 1319 405 1383 sc,
437 1319 645 1384 quaecunque
681 1299 854 1364 memoriae
892 1301 1145 1382 commendasset,

202 1387 336 1454 minimo
350 1388 482 1474 negotio
496 1387 716 1472 repetiturum.
747 1387 821 1474 Ego
835 1391 920 1454 cerie
939 1395 1018 1473 post
1040 1391 1145 1456 mullos

202 1477 283 1562 dies,
316 1477 403 1543 facio
429 1477 586 1562 periculo,
617 1498 729 1542 verum
756 1478 906 1562 comperi.
951 1477 1068 1563 Neque
1095 1479 1146 1544 hoc

203 1567 291 1642 salis.
336 1564 568 1630 Diversabalur
595 1566 681 1649 apud
710 1587 763 1630 me
785 1565 977 1633 Franciscus
1006 1567 1145 1650 Molinus,

201 1654 372 1738 palricius
392 1653 547 1738 Venetus,
583 1654 769 1720 adolescens
806 1655 1004 1740 optimarum
1042 1658 1144 1722 artium

203 1743 317 1808 studiis
340 1742 471 1808 mirifice
494 1743 629 1827 deditus,
652 1743 717 1829 qui,
739 1765 811 1810 cum
826 1765 860 1809 se
874 1746 1033 1811 memoria
1046 1767 1145 1831 parurn

201 1832 294 1896 firma
323 1853 392 1896 esse
420 1832 563 1916 senlircl,
590 1834 694 1896 oravit
719 1832 892 1918 hominem,
920 1835 970 1899 uti
993 1855 1030 1898 se
1058 1840 1145 1900 erlem

201 1921 291 1985 illam
323 1920 459 1986 doceret.
508 1919 572 1986 Vix
602 1921 787 1987 ostenderat
819 1943 854 1986 se
885 1923 919 1987 id
949 1924 1049 2009 velle,
1084 1945 1143 1988 cum

202 2007 352 2075 Corsicus
366 2031 496 2093 operam
511 2010 541 2074 ei
555 2032 646 2075 suam
660 2011 874 2095 prolixissime
888 2011 1012 2076 detulit.
1044 2011 1145 2078 Dictus

202 2103 252 2163 est
273 2100 372 2180 locun,
395 2099 482 2164 dicla
502 2099 589 2184 hora,
611 2099 764 2186 adquam
782 2099 1143 2186 quotidieconvenirenl.

201 2185 355 2253 Nondum
386 2208 442 2252 ssu
469 2191 525 2252 aul
556 2191 680 2272 septem
711 2189 779 2254 dies
806 2190 966 2275 abierant,
997 2213 1073 2257 cum
1102 2192 1146 2255 ille

202 2297 329 2361 quoque
351 2276 433 2340 aller
454 2277 588 2342 nomina
619 2278 756 2361 amplius
784 2278 963 2365 quingenta
990 2281 1062 2345 sine
1092 2281 1146 2343 ulla

202 2364 389 2429 difficultate
413 2368 469 2428 aui
492 2365 613 2450 eodem,
635 2368 691 2430 sul
714 2387 903 2454 quocunque
927 2369 991 2433 alio
1009 2369 1146 2434 libuisscl

202 2453 313 2517 ordine
347 2453 520 2536 repetebat.
565 2453 654 2518 Haec
681 2475 742 2540 ego
771 2456 825 2520 vix
855 2457 1006 2522 auderem
1041 2457 1146 2522 lilleris

199 2540 345 2627 prodere,
366 2542 525 2608 mendacii
548 2543 762 2627 suspicionem
784 2566 941 2628 reverens,
963 2546 1029 2611 nisi
1052 2550 1085 2611 el
1105 2567 1146 2610 res

201 2629 307 2696 adhuc
328 2651 440 2696 recens
463 2635 548 2696 esset
571 2667 613 2679 —·
636 2632 780 2698 nondum
803 2635 888 2698 enim
912 2651 1019 2700 annus
1041 2639 1091 2700 esd
1112 2669 1146 2680 -

200 2724 234 2786 el
255 2719 428 2787 Nicolaum
450 2719 696 2806 Lippomanum,
728 2721 817 2786 Petri
838 2721 1016 2788 Alexandri
1044 2724 1146 2804 filium,

201 2809 360 2875 Lazarum
400 2809 614 2894 Mocenicum,
649 2808 814 2876 Francisci
847 2811 964 2895 filium,
999 2811 1147 2878 Ioannem

201 2893 418 2985 Malipelrum‚
444 2897 572 2964 Nicolai
593 2899 704 2982 filium,
731 2899 906 2985 Georgium
929 2899 1146 2980 Oontarenun,

200 2987 367 3054 Laurentii
380 2987 491 3073 filium,
514 2987 666 3072 patricios
679 2987 832 3073 Venetos,
855 2989 995 3073 optimos
1013 2993 1046 3055 el
1063 2989 1145 3054 nobi-

200 3077 342 3143 lissimos
366 3077 595 3164 adolescentes,
617 3077 762 3164 aliosque
784 3080 950 3163 praeterea
971 3079 1145 3143 innumera-

200 3165 282 3230 biles
310 3167 378 3230 eiue
404 3167 451 3231 rei
477 3169 576 3232 testes
606 3165 773 3251 haberem,
803 3189 823 3230 a
849 3167 981 3253 quibus,
1012 3168 1040 3232 si
1065 3187 1145 3232 men-

199 3253 288 3338 liter,
310 3255 487 3319 vanitatem
503 3277 608 3321 meam
626 3256 758 3341 coargui
771 3256 906 3322 nollem.
942 3255 1055 3322 Arlem
1077 3274 1145 3320 vero

199 3343 290 3410 illam
305 3341 455 3409 Gorsicus
478 3345 638 3429 accepisse
656 3365 689 3408 se
704 3343 830 3409 dicebat
852 3345 893 3410 ab
906 3344 1037 3410 homine
1050 3343 1143 3423 Gallo,

201 3455 265 3518 quo
288 3453 368 3518 puer
391 3431 566 3498 domestico
593 3437 799 3516 pracceplore
827 3455 905 3498 usus
932 3437 1025 3499 esset.
1067 3429 1143 3496 Huic

200 3542 261 3605 ego
297 3543 338 3586 nc
370 3542 409 3586 ex
445 3519 637 3604 antiquitate
673 3522 817 3608 quidem,
854 3541 949 3608 quem
985 3540 1142 3608 opponam,
