2328 3956
322 206 502 264 nrlsronn
518 207 589 264 mn
890 209 933 274 67

27 371 77 436 ugr
94 373 137 418 ne
154 353 261 418 mulne
282 355 342 418 est
386 351 432 426 ut
454 374 648 438 quemquem
671 353 826 420 enerrimo
853 355 934 419 iudi·

25 442 56 506 uio
77 444 127 525 est,
155 463 224 506 neo
253 444 367 507 temen
401 447 435 507 st
466 442 547 527 legit
580 442 718 507 libenter
752 446 785 507 et
815 443 934 509 lernlet

26 527 188 594 Senbendum
209 529 292 611 milri
312 531 408 596 hodie
436 533 486 595 est
507 529 548 595 ed
570 531 704 615 nultos,
730 531 865 617 ideoque
887 535 934 596 te-

25 639 72 682 ruu
88 639 134 684 ero
154 619 290 685 brevior
324 617 409 684 Amo
422 639 474 685 me
497 622 531 686 et
550 620 632 686 vole.
650 618 786 686 Romae.
803 637 848 686 ιι
862 621 934 686 ΚαΙ.

24 705 147 772 Derenbn
166 723 338 774 nomm

411 988 497 1055 LIII.

301 1109 417 1166 nmen
435 1108 612 1167 SAORATO.

63 1231 141 1300 Nune
166 1236 275 1322 ipsum
303 1238 411 1323 accepi
437 1235 600 1323 prandens
627 1237 721 1303 binus
746 1237 788 1302 ed
810 1259 861 1303 me
883 1239 935 1304 lie

22 1325 77 1387 trus
94 1327 168 1408 ue,
188 1326 227 1390 in
250 1327 387 1392 eundern
409 1348 429 1390 α
450 1329 484 1390 te
499 1326 688 1392 fuueierlum
709 1325 881 1412 eonieotes',
903 1331 937 1394 et

20 1413 211 1492 speretium
243 1415 325 1479 eliso
356 1413 511 1500 quaedem
541 1419 616 1480 tuse
648 1435 847 1500 soeuperum,
879 1417 936 1480 sed

22 1499 101 1582 quibos
126 1503 213 1568 eliud
242 1502 325 1568 nihil
353 1504 585 1587 contineretur,
615 1525 725 1589 quem,
759 1503 845 1590 quod
875 1525 936 1590 ego

20 1587 194 1674 maximopere
228 1591 309 1656 seire
338 1593 523 1678 eupiebsrn,
552 1595 586 1656 te
616 1593 700 1658 iuteo
730 1593 856 1657 selvrnn
886 1592 936 1658 in-

21 1677 199 1765 ulunanoe
223 1679 359 1764 uenisse,
382 1685 415 1747 et
428 1681 691 1747 eommemoretio
705 1680 862 1766 quaedem
885 1703 936 1746 eo

20 1769 96 1832 luen
113 1789 235 1854 omum,
257 1792 340 1856 quse
362 1773 399 1835 tn
413 1769 475 1836 tibi
488 1791 540 1834 me
557 1770 765 1854 praestitisse,
786 1791 861 1836 oum
882 1769 938 1835 hie

20 1873 84 1941 uses,
100 1859 311 1942 proedioures.
354 1857 427 1944 ugo
449 1862 572 1942 eutem,
593 1856 724 1923 Seerete
746 1859 792 1922 mi
816 1859 937 1942 optime

22 1943 283 2032 theneniesinue,
315 1947 344 2012 si
373 1967 490 2033 negem
520 1968 573 2012 nre
605 1947 809 2031 eupidissime
841 1967 936 2032 quee-

20 2031 68 2094 riss
92 2037 291 2102 ssessionem
322 2036 463 2122 eliquans
497 2035 681 2101 deolurendi
715 2035 776 2099 tibi
812 2035 937 2100 mirifici

20 2119 146 2191 windam
159 2125 281 2192 amoris
304 2145 382 2211 erge
402 2129 437 2191 te
454 2125 528 2209 mei,
550 2124 697 2190 mentiar.
733 2121 827 2188 Certe
850 2124 938 2188 enim

19 2207 111 2276 tane
131 2215 165 2277 te
187 2213 411 2298 singulariter,
437 2217 471 2280 et
495 2235 604 2278 meum
631 2234 709 2299 ergo
735 2215 768 2276 te
794 2212 938 2278 studium

19 2293 56 2358 libi
75 2300 274 2366 notissimum
301 2323 371 2368 esse
397 2303 501 2388 cupio.
554 2302 641 2368 Illud
670 2321 745 2366 uere
776 2301 938 2366 affirmare

18 2401 125 2472 pum,
152 2389 239 2456 nihil
258 2389 327 2456 nbi
352 2413 406 2456 me
434 2391 634 2475 praestitisse
666 2393 722 2454 unt
753 2393 810 2454 tue
841 2411 939 2455 oense

18 2469 110 2559 luisse,
135 2501 201 2564 que
228 2479 363 2544 minime
389 2501 467 2564 pore
493 2483 551 2544 out
576 2479 763 2544 meritorum
786 2497 864 2564 erge
886 2499 938 2543 me

18 2566 112 2632 tuorum
122 2571 183 2632 out
194 2588 287 2632 meos
305 2588 383 2654 erge
403 2571 436 2632 ts
450 2568 627 2633 uoluntatis
645 2566 819 2652 adaequari
833 2571 938 2652 quent

18 2643 99 2734 ltaque
118 2655 238 2722 rideris
260 2655 342 2721 mihi
363 2677 598 2742 nonnunquam
626 2676 777 2740 quaerere
800 2656 938 2720 ooeesio·

18 2753 65 2836 len
84 2744 276 2812 exereerrdue
298 2745 500 2831 eloquentiae
522 2749 598 2811 tuae
619 2745 656 2809 in
677 2743 724 2808 eis
742 2743 938 2827 amplificen-

18 2821 47 2888 ὼε
71 2833 99 2894 et
125 2833 375 2920 exaggerandis,
409 2855 491 2918 quse
521 2855 580 2919 per
615 2855 651 2898 se
680 2831 728 2897 ise
759 2831 877 2918 exigue
906 2835 940 2896 et

18 2914 96 2983 urna
116 2925 206 3007 sunt,
224 2925 262 2986 ot
283 2922 337 2990 rin
359 2925 575 3007 compereunt.
620 2919 705 2998 Quid
728 2921 814 2985 enirn
836 2919 897 2984 tibi
919 2942 940 2983 a

18 3019 48 3065 me
64 3008 215 3076 tributum
228 3013 288 3095 est,
309 3011 346 3075 in
358 3033 422 3096 quo
445 3031 639 3096 eogrresuore
653 3009 805 3094 potueris,
825 3007 940 3093 quenti

18 3089 160 3186 tufeium
188 3103 246 3164 eut
272 3103 429 3184 quantum
456 3103 515 3164 tue
540 3119 653 3164 θαθεεα
679 3097 830 3181 cupiam?
866 3117 939 3162 eum

18 3197 61 3276 ¹9⁵0
80 3191 190 3253 contus
210 3192 280 3254 tem
293 3189 405 3254 multis
426 3191 561 3274 temque
576 3185 756 3252 illustribus
770 3205 941 3272 argumen-

18 3265 139 3366 lltrem
162 3297 241 3362 erge
262 3298 314 3341 me
327 3278 528 3342 volumem
545 3275 771 3362 perspexerim,
792 3278 830 3340 ut
852 3278 941 3341 serto

18 3373 95 3444 uren,
115 3385 190 3429 eum
212 3369 369 3450 quantun
382 3366 556 3449 plurimum
578 3369 714 3450 potuero
736 3363 941 3449 dispunxero,

18 3459 112 3530 lnuper
137 3456 250 3518 tamen
285 3455 358 3538 plus
389 3453 506 3538 reliqui
536 3453 615 3518 fore.
664 3451 726 3517 Sed
754 3453 941 3517 omittemus

18 3525 79 3602 ileu.
127 3539 160 3606 A
191 3541 319 3607 Tiberio
353 3544 412 3608 tuo
449 3545 572 3626 septem
602 3541 714 3606 insitio
749 3538 870 3620 oooepi,
901 3534 943 3599 de

692 3635 728 3696 58
