2328 3956
169 187 212 248 60
488 180 670 238 EPISTOLA
687 181 798 236 XLVII.

168 327 431 413 occupationibus
445 327 525 392 meis
541 330 573 392 et
586 327 665 392 vale.
694 325 822 392 Tibure,
836 343 882 392 111.
896 325 929 392 N
931 347 984 392 on.
999 325 1115 391 Octobr.

167 434 297 484 mnan.

581 659 713 726 XLVII.

362 787 411 864 M.
438 786 682 874 ANTONIUS
710 786 934 862 MURETUS

615 923 637 966 S.
650 924 678 964 Ι).

392 1011 555 1069 HORATIO
576 1011 801 1068 OARDANETO
821 1011 899 1068 SUO.

234 1139 337 1208 Valde
368 1140 453 1205 tardi
485 1139 589 1204 effecti
622 1141 698 1204 sunt
729 1139 890 1204 tabellarii
926 1140 1042 1225 vestri,
1073 1143 1119 1226 qui

169 1230 412 1316 quadragesimo
441 1229 570 1293 demum
596 1227 647 1292 die
674 1227 799 1292 litteras
826 1227 889 1294 hue
916 1229 1016 1294 istinc
1043 1231 1119 1294 adf-

167 1324 263 1384 rant:
280 1319 371 1384 Idem
393 1317 473 1382 mihi
496 1316 611 1380 accidit
632 1315 719 1380 haud
737 1317 784 1380 ita
806 1317 931 1402 pridem
953 1318 988 1382 in
1013 1319 1120 1384 litteris

169 1407 361 1494 quibusdam
375 1405 517 1471 Gisberti
537 1403 628 1487 Oddi,
652 1427 742 1490 quae,
766 1427 838 1470 eum
863 1407 1001 1490 scriptae
1027 1409 1067 1472 ab
1089 1430 1119 1473 ee

169 1501 276 1576 essent
297 1517 406 1560 mense
428 1494 619 1577 Novembri,
645 1495 788 1576 perlatae
812 1495 934 1565 adme
958 1493 1042 1560 'sunt
1062 1497 1118 1560 ine·

168 1591 245 1650 unte
281 1585 443 1649 Ianuario.
488 1582 550 1648 Sed
585 1583 647 1647 hoe
682 1585 793 1647 tamen
829 1584 1010 1668 commode,
1044 1587 1119 1671 qued

168 1674 262 1738 hodie
289 1673 508 1756 potissimum:
540 1675 589 1754 ut,
617 1671 672 1754 qui
699 1671 767 1736 dies
794 1693 878 1736 unus
906 1694 944 1738 ex
976 1675 1119 1740 omnibus

170 1783 295 1827 summa
316 1761 480 1825 hilaritate
503 1761 544 1823 ab
564 1759 713 1826 omnibus
736 1760 861 1826 traduci
889 1763 986 1845 solet,
1008 1784 1047 1827 eo
1069 1785 1119 1846 po·

168 1851 330 1916 tissimum
347 1850 502 1914 hilararer
524 1847 753 1914 iucundissimo
778 1871 924 1915 sermone
946 1850 1119 1915 litterarum

168 1943 297 2004 tuarum
321 1942 353 2004 et
374 1938 594 2003 recordatione
616 1937 735 2002 amoris
759 1959 837 2023 erga
858 1959 910 2002 me
932 1939 994 2023 tui,
1018 1940 1118 2004 simul-

170 2051 244 2113 que,
277 2028 429 2113 quoniam
458 2028 498 2092 ab
530 2025 825 2110 interpellatoribus
852 2027 934 2092 nihil
963 2031 1014 2093 est
1044 2029 1118 2112 peri-

169 2117 245 2200 euli,
274 2115 371 2202 (ludis
400 2116 542 2180 enimet
568 2114 757 2198 speetauulis
786 2137 896 2180 omnes
923 2116 1019 2180 hodie
1048 2117 1119 2181 deti-

168 2203 309 2290 nentem)
339 2205 433 2269 vacui
454 2203 610 2288 temporis
642 2203 683 2266 ad
714 2204 973 2288 respondendum
1005 2205 1119 2290 aliquid

169 2292 331 2356 haberem.
375 2292 481 2376 Igitur
507 2293 546 2356 de
573 2312 624 2356 me
656 2292 800 2376 meisque
833 2293 945 2358 studiis
977 2294 1043 2358 iam
1074 2316 1118 2358 ee·

169 2558 229 2622 tim
251 2557 440 2642 participem
467 2558 596 2622 fautum.
641 2520 870 2623 Terentianuln
881 2556 906 2644 ¹)
930 2558 1010 2624 illud
1036 2561 1120 2624 sirit

169 2667 245 2730 opus
276 2646 339 2712 ioei
371 2667 484 2713 caussa
520 2646 641 2710 dietum
673 2650 735 2730 est:
769 2647 861 2731 quasi
897 2648 1023 2712 euenire
1058 2649 1119 2710 ullo

169 2737 265 2801 modo
287 2736 404 2820 possit,
431 2739 468 2799 ut
489 2734 551 2800 hoe
575 2755 701 2818 quoque
728 2733 814 2799 faeto
838 2757 918 2819 opus
942 2736 992 2800 sit.
1036 2735 1119 2819 Ergo

169 2827 262 2891 risit
283 2845 374 2907 epea
397 2826 426 2888 si
438 2825 508 2905 quis
530 2843 612 2886 uma
633 2823 669 2887 id
683 2823 754 2904 pieri
770 2824 917 2904 postulet·
941 2825 970 2889 sa'
982 2824 1050 2906 queis
1069 2824 1119 2887 ltoe

169 2915 229 2980 sibi
251 2935 272 2978 u
294 2934 341 2979 me
363 2911 501 2995 officium
523 2911 619 2976 tribui
635 2916 737 2992 petat·
759 2912 870 2994 siquis
890 2913 927 2976 ia
945 2933 977 2976 ee
999 2933 1045 2976 me
1065 2912 1119 2976 sibi

167 3005 344 3086 prutifieari
370 3001 456 3079 velit·
483 3001 513 3066 si
538 3001 615 3084 quid
639 3001 767 3079 meatui,
800 3000 977 3083 reipublice
1007 3001 1119 3066 intersit

170 3110 239 3154 eum
271 3093 403 3157 laborem
429 3111 451 3155 u
477 3110 525 3155 me
552 3091 633 3172 cupi,
670 3092 703 3152 et
729 3091 758 3154 sa'
785 3090 903 3174 tupiter,
937 3091 1038 3154 multa
1061 3110 1117 3152 nos

172 3199 298 3264 quoque
320 3180 417 3264 vulgo
438 3179 485 3244 ita
506 3180 649 3244 iocantes
673 3177 822 3244 dicimus:
860 3177 990 3258 &tendo
1011 3180 1055 3244 aa
1073 3179 1117 3240 iu·

172 3267 232 3344 bes,
258 3265 374 3342 sedebo,
401 3287 474 3328 cum
500 3271 611 3330 tamen
638 3287 733 3331 nemo
760 3267 883 3350 iubeat3
915 3266 1053 3332 Haueris
1075 3265 1117 3328 aa

172 3372 282 3417 emessa
303 3353 347 3415 ad
361 3353 535 3432 praedium
556 3354 613 3432 ibo,
632 3353 733 3436 quasi,
748 3355 803 3438 qui
824 3355 857 3418 id
871 3353 957 3439 facit,
980 3375 1046 3420 non
1066 3373 1115 3418 sua

247 3522 266 3590 ¹)
284 3521 354 3575 nun.
374 3521 412 3588 11,
433 3526 461 3588 1,
481 3525 523 3574 ιτ.
548 3522 600 3590 m,
620 3529 648 3592 2,
668 3528 709 3578 ae.
