2360 3944
388 235 524 320 oacrio
543 235 590 289 cv.
816 281 825 292 .
923 237 968 302 45

44 380 169 461 suntad
191 380 272 443 hane
295 379 473 462 pertinent,
502 402 584 464 quae
613 381 649 444 in
672 381 757 444 vitae
780 403 967 448 aemorum

45 468 236 532 emendatione
259 471 415 532 versatur.
452 467 529 533 Non
548 469 634 532 enim
652 468 760 552 Plat0,
782 471 968 533 camillam

44 557 248 622 nobilissimam
265 555 431 642 vooem*),
453 561 610 640 tanquam
633 577 672 621 ex
694 559 837 640 oraculo,
861 558 969 640 edidit,

44 649 95 708 tum
106 646 225 708 demum
238 645 351 708 beatas
366 645 511 710 civitates
525 646 609 728 fore,
629 667 702 710 cum
721 649 777 710 aut
795 651 970 730 regnarent

44 733 214 816 philosophi,
246 736 302 795 aut
333 753 425 818 reges
453 733 772 817 philosopharentur,
802 735 969 816 intellexit,

45 827 95 884 tum
116 821 145 884 id
174 824 376 906 eventurum,
410 843 482 886 cum
513 843 605 906 reges
639 827 695 886 aut
726 823 761 886 in
794 821 970 886 disserendi

44 909 205 993 subtilitate,
228 913 286 973 aut
308 910 343 972 in
365 909 620 994 pervestigandis
643 933 750 974 renem
773 911 970 974 naturalium

45 998 137 1062 caussis
163 997 311 1081 occupati
339 1002 458 1062 essent:
486 1021 567 1082 quae
595 1016 779 1082 quanquam
806 1001 970 1082 praeclara

45 1090 111 1168 sunt,
137 1085 323 1170 longissime
354 1090 464 1151 tamen
492 1088 610 1151 absunt
638 1089 678 1150 ab
711 1109 762 1171 eo,
793 1091 831 1150 ut
858 1088 969 1152 beatas

46 1175 209 1257 respublicas
234 1174 360 1238 efficere
379 1176 517 1258 possint:
542 1176 597 1240 sed
616 1197 688 1240 cum
707 1175 835 1240 virtutis
853 1177 970 1261 puleri-

46 1263 129 1326 tudine
153 1264 277 1328 incensi
305 1285 416 1328 omnes
443 1267 527 1328 vires
555 1287 629 1328 suas
657 1266 697 1329 ad
726 1286 797 1328 eam
823 1286 892 1330 non
919 1285 970 1328 eo-

45 1352 233 1433 gnoscendam
247 1351 353 1435 mode,
368 1354 423 1416 sed
438 1354 654 1436 exercendam,
669 1353 884 1434 excolendam,
897 1375 969 1436 pro·

46 1439 197 1522 pagandam
221 1441 445 1506 contulissent.
485 1442 531 1504 At
554 1446 667 1505 contra
690 1441 844 1524 quidquid
866 1441 968 1504 inani·

46 1526 87 1589 bus
109 1528 325 1612 imperitorum
353 1551 389 1593 ac
416 1529 645 1594 maledicorum
679 1527 888 1592 sermunculis
917 1529 969 1592 ad·

48 1636 129 1680 sersus
152 1617 392 1702 philosophiam
423 1619 578 1682 iactatum
610 1621 671 1701 est,
704 1637 909 1700 quoscunque
936 1617 970 1680 in

48 1723 97 1766 ean
123 1707 247 1770 aculeos
280 1707 421 1770 scurrilis
453 1706 654 1790 quorundam
689 1705 789 1768 libido
827 1705 971 1788 coniecit,

49 1793 169 1877 quidquid
196 1795 239 1858 ad
267 1795 475 1858 minuendam
502 1796 602 1879 ipsius
635 1794 827 1878 dignitatem
854 1795 971 1858 veteris

49 1881 196 1946 comoediae
220 1882 354 1946 licentia
378 1883 506 1967 effutiit,
533 1884 565 1946 id
594 1903 702 1965 omne,
730 1882 757 1944 si
786 1882 972 1966 diligentius
1021 1909 1031 1924 ¹

50 1969 205 2054 excutiatur,
247 1970 288 2034 ad
325 1971 508 2035 dialecticos
545 1972 653 2054 potius
685 1974 718 2033 et
750 1970 791 2032 ad
822 1970 972 2054 physicos

14 2071 16 2138 ζ
51 2075 121 2135 quam
145 2059 184 2122 ad
221 2060 375 2144 politicos
411 2061 570 2142 pertinere
606 2058 776 2122 videbitur.
822 2056 914 2133 Quod
946 2058 971 2120 si

50 2143 110 2208 ebus
128 2146 158 2210 in
180 2149 262 2211 orbe
284 2151 443 2212 terrarum
465 2148 555 2212 loeus
579 2152 640 2231 est,
663 2147 718 2211 ubi
741 2145 895 2228 politicen
916 2145 973 2209 flo-

14 2305 15 2308 ,
50 2252 98 2295 cere
120 2256 270 2319 suamque
304 2237 495 2320 dignitatem
528 2236 672 2300 obtinere
700 2235 824 2318 deceat,
851 2233 973 2298 Romae

14 2329 15 2344 ³
49 2317 80 2401 id,
97 2320 206 2388 Romae
229 2325 436 2408 potissimum
453 2325 523 2388 fieri
542 2325 648 2406 debet,
672 2324 722 2387 cui
740 2324 813 2386 urbi
832 2344 851 2386 a
869 2323 973 2406 primo

14 2457 15 2460 ,
49 2406 123 2488 ipsius
151 2416 224 2476 ortu
259 2413 367 2477 divino
400 2413 557 2496 permissu
595 2412 706 2475 datum
740 2415 802 2494 est,
839 2414 876 2474 ut
904 2412 974 2474 aliis

14 2523 16 2578 ,
50 2493 201 2583 imperarem
224 2500 312 2564 unde
335 2502 436 2586 leges,
463 2502 548 2564 unde
571 2502 655 2583 iura,
677 2500 762 2564 unde
785 2499 974 2583 religionem

50 2587 143 2650 ceterae
163 2589 315 2653 nationes
338 2594 371 2653 et
393 2590 470 2653 olim
492 2590 656 2673 petierunt
678 2592 710 2652 et
732 2609 818 2652 nunc
846 2591 975 2670 petunt,

14 2673 16 2744 1
50 2672 110 2736 unde
130 2677 292 2758 quondam
316 2679 507 2741 exstiterunt
528 2681 597 2741 tam
619 2677 713 2741 multi
736 2676 814 2740 clari
828 2675 897 2758 viri,
921 2677 976 2758 qui

49 2756 106 2824 haec
124 2769 308 2849 praecepta,
333 2788 413 2849 quae
432 2788 492 2830 nos
515 2766 665 2830 tradituri
684 2787 807 2847 sumus,
831 2763 975 2846 exemplo

50 2865 90 2910 suo
109 2855 360 2936 comprobarent.
395 2853 504 2919 Nolite
528 2855 614 2918 enim
636 2857 750 2937 putare
769 2854 825 2916 illa
844 2853 976 2936 lumina,

50 2931 186 3026 damillos,
229 2939 357 3026 Ourios,
397 2941 577 3026 Fabricios,
623 2941 755 3025 Fabios,
801 2939 977 3023 Scipiones,

50 3020 161 3111 baebos,
196 3033 384 3114 ceterosque
416 3035 617 3114 praestantes
649 3031 749 3113 viros,
786 3049 874 3112 quos⁴
900 3027 975 3092 olim

49 3108 107 3177 baec
126 3117 199 3182 urbs
222 3119 474 3183 innumerabiles
497 3120 585 3202 tulit,
608 3139 745 3202 quorum
764 3115 906 3200 quotidie
919 3137 976 3180 no·

50 3199 114 3266 mina
126 3207 255 3291 auditis,
277 3207 365 3271 facta
377 3207 501 3292 legitis,
523 3209 733 3272 monumenta
748 3205 891 3288 cernitis,
914 3208 976 3269 sta·

50 3287 101 3352 tuas
127 3296 219 3358 tanta
252 3316 325 3358 oum
357 3295 567 3360 admiratione
603 3295 788 3378 intuemini,
821 3292 906 3378 quod
938 3293 977 3357 de

50 3373 229 3464 philosophia
238 3404 341 3467 neque
356 3384 562 3468 disputarunt
575 3384 643 3448 fere
652 3404 757 3467 neque
772 3383 977 3467 scripserunt,

87 3567 338 3642 *1911111111λῆ
358 3591 380 3629 c.
402 3581 442 3630 18.
462 3593 489 3644 p.
510 3581 560 3629 473
580 3573 607 3630 C.
