2330 3944
377 221 512 278 ORATIO
531 221 618 278 XVII.
910 225 972 290 171

37 364 155 428 Latinae
177 365 308 450 linguae
331 387 426 430 usum
443 370 476 430 et
493 367 741 452 intelligentiam
762 369 914 454 migrasse
933 371 974 440 ac

35 475 62 516 sa
85 453 191 516 relicta
217 452 314 519 Italia
341 455 528 538 gloriantur.
564 455 658 520 Hanc
685 478 743 523 vos
772 460 898 522 tantam
925 459 973 522 in-

35 541 210 625 dignitatem
236 541 347 606 feretis
375 564 476 627 aequo
510 544 631 627 anime,
662 545 806 628 iuvenes,
838 567 874 610 ac
906 568 974 610 non

33 629 126 712 potius
154 651 265 694 omnes
293 651 408 696 nervos
436 632 558 716 ingenii
586 633 799 716 contendetis,
825 636 863 698 ut
885 635 972 700 stoli·

34 717 94 780 dam
115 718 205 780 illam
232 719 408 802 agrestium
435 720 602 786 hominum
629 721 720 784 vobis
748 722 973 786 insultantium

34 806 974 982 reflecteretttrrrrtrrrrnr

242 943 250 978 θ
305 945 314 978 l
965 948 973 980 7

33 982 149 1064 siquid
177 983 282 1046 avitae
310 983 437 1048 virtutis
460 989 521 1068 est,
547 985 723 1049 incumbite
747 985 881 1049 adeam
905 987 972 1069 glo-

33 1071 112 1152 riam,
140 1092 222 1153 quae
250 1072 348 1136 vestri
375 1073 502 1156 generis
529 1094 566 1136 ac
589 1073 729 1138 nominis
756 1074 887 1156 propria
915 1083 972 1155 est,

33 1179 64 1221 ex
102 1159 280 1223 alienarum
328 1161 472 1244 gentium
520 1161 668 1226 manibus
713 1160 972 1244 extorquendam.

33 1245 101 1308 llihi
148 1247 281 1330 credite,
330 1249 358 1311 si
407 1249 505 1312 semel
553 1249 682 1332 penitus
730 1249 894 1314 imbibatis
938 1249 973 1312 id

33 1335 182 1419 perficere,
228 1336 257 1399 si
302 1337 448 1402 socordia
488 1341 521 1401 ct
560 1338 691 1422 ignavia
731 1339 836 1402 valere
876 1337 972 1400 iussis

32 1424 143 1486 naviter
180 1445 263 1508 opus
299 1424 361 1489 hoc
392 1445 506 1509 urgere
542 1425 733 1501 instituatis,
773 1425 800 1488 si
835 1425 973 1508 frenum,

32 1515 60 1572 ut
96 1511 224 1596 dicitur,
265 1512 452 1597 mordeatis,
492 1513 583 1578 brevi
617 1513 762 1578 futurum
803 1517 865 1595 est,
904 1533 973 1577 non

31 1599 114 1663 nodo
136 1603 186 1668 ut,
199 1621 304 1684 nuper
327 1601 444 1666 amissa
467 1605 657 1667 ornamenta
682 1601 889 1684 recuperetis,
917 1600 973 1665 sad

30 1687 117 1838 cpiam
143 1709 182 1751 ea
208 1689 337 1774 magnis
365 1710 402 1753 ac
428 1689 599 1754 luculentis
628 1689 866 1756 accessionibus
886 1689 972 1753 locu·

58 1776 155 1840 stetis.
736 1821 745 1834 .

30 1797 47 1856 p
84 1863 157 1949 Ego
190 1866 332 1949 quidem,
367 1867 519 1950 quoniam
555 1867 596 1932 ad
631 1887 710 1951 pure
741 1869 775 1930 et
805 1865 972 1930 emendate

31 1951 227 2037 loquendum,
255 1954 341 2036 quod
367 1955 463 2020 huius
490 1955 617 2019 consilii
639 1959 735 2038 atque
757 1953 877 2037 incepti
898 1953 972 2018 lun-

31 2037 205 2105 damentum
233 2045 296 2126 est,
323 2043 443 2108 nullius
466 2044 598 2108 omnino
620 2043 695 2108 libri
717 2041 888 2106 lectionem
910 2041 971 2105 uti·

30 2126 128 2194 liorem
158 2151 255 2212 quam
283 2131 491 2213 epistolarum
514 2131 555 2195 ad
577 2130 722 2196 Atticum
748 2129 868 2212 iudico,
895 2150 972 2212 quc-

30 2216 104 2280 niam
131 2239 187 2281 eas
214 2217 350 2282 Latinae
377 2220 507 2303 linguae
535 2219 686 2284 studiosis
713 2216 973 2302 pervolutandas,

30 2306 169 2370 manibus
195 2311 292 2390 atque
320 2307 420 2371 oculis
447 2309 672 2391 conterendas,
699 2307 740 2371 ad
766 2304 913 2388 verbum,
945 2306 972 2370 si

29 2391 86 2455 fieri
106 2395 227 2478 possit,
250 2395 436 2460 ediscendas
460 2417 588 2479 censeo,
610 2396 728 2460 ideireo
751 2395 972 2460 earuminter-

29 2484 234 2560 pretationem
270 2483 408 2566 suscepi,
448 2483 530 2547 nihil
565 2484 685 2548 veritus
721 2503 832 2548 eorum
868 2481 972 2548 stulti-

29 2568 107 2653 tiam,
140 2571 198 2654 qui
230 2571 375 2654 speciosa
405 2572 537 2636 utilibus
570 2575 802 2655 anteponentes
833 2571 881 2634 ita
911 2591 971 2653 me,

29 2660 106 2736 quasi
129 2658 286 2743 quiddam
308 2657 403 2725 huius
425 2660 489 2725 loci
507 2661 697 2724 auctoritate
715 2659 849 2724 inferius
868 2679 972 2723 susce-

29 2747 130 2830 perim,
150 2747 373 2812 criminantur.
399 2747 446 2812 At
462 2748 559 2812 iidem
572 2769 623 2812 me
638 2747 854 2831 superioribus
869 2745 973 2830 annis,

29 2852 88 2896 cum
114 2833 304 2900 Aristotelis
335 2836 435 2900 libros
467 2836 506 2900 de
537 2837 694 2919 moribus,
727 2857 800 2900 eum
826 2833 972 2899 Platonis

28 2917 113 2986 libros
142 2923 184 2986 de
206 2923 383 3008 republica,
410 2945 513 3008 nuper
535 2925 632 2988 etiam
654 2945 727 2988 cum
750 2923 898 2988 Taciturn
924 2923 973 2986 in·

27 3013 225 3094 terpretarer,
251 3012 299 3074 ita
326 3013 618 3096 calumniabantur,
646 3011 737 3095 quasi
769 3010 895 3075 omissis
922 3009 973 3094 iis,

29 3117 96 3177 quae
119 3100 283 3164 iuventuti
306 3101 398 3164 utilia
419 3101 540 3184 forent,
567 3122 606 3164 ea
628 3121 813 3184 quaererem
837 3119 874 3162 ac
897 3119 972 3164 con·

28 3191 171 3270 sectarer,
196 3188 232 3250 in
259 3188 375 3272 quibus
402 3192 564 3254 ostentare
591 3211 642 3254 me
665 3192 698 3252 et
724 3187 889 3252 venditare
916 3209 972 3271 po-

28 3275 91 3353 pulo
118 3297 260 3359 possem.
296 3275 383 3352 Quid,
407 3277 477 3342 istis
505 3278 638 3342 canibus
665 3275 787 3341 facias?
817 3279 873 3340 aut
895 3297 972 3358 quo-

28 3363 110 3428 modo
139 3368 173 3428 te
201 3366 295 3428 aliter
322 3387 419 3449 qnam
442 3368 629 3450 contemptu
653 3367 693 3430 ab
717 3386 828 3430 eorum
850 3363 973 3427 latrati-

29 3447 77 3513 bus
102 3453 271 3518 vindices‘?
306 3452 474 3519 Praeclare
497 3453 700 3536 Aristoteles,
728 3451 907 3516 cumidem
930 3450 971 3513 ab

30 3537 87 3603 aliis
105 3563 238 3626 avarus,
257 3543 297 3606 ab
317 3543 388 3606 aliis
406 3543 560 3626 prodigus
578 3542 763 3624 haberetur,
781 3541 974 3623 argumento
