2360 3944
189 227 234 292 58
568 225 706 282 ORATIO
724 225 772 282 VI.

188 372 279 436 ribus
302 393 428 436 summa
450 371 610 455 sapientia
631 369 769 454 praediti
791 369 939 434 homines
962 368 1002 433 de
1023 369 1147 433 iustitia

188 460 400 526 tradiderunt.

257 549 404 612 Iustitiae
437 547 597 633 originem
624 569 644 611 a
672 547 760 611 caelo
790 567 859 610 esse
888 545 1052 628 dicebant,
1084 545 1148 610 illic

189 659 263 702 eam
281 641 315 701 et
331 637 440 722 vigere
458 640 491 700 et
509 658 548 700 ex
567 634 655 701 omni
673 634 863 700 aeternitate
883 633 1038 718 viguisse,
1062 637 1147 698 certo

189 725 257 789 illic
275 725 388 790 ordine
403 729 498 809 atque
517 723 710 788 immutabili
729 723 867 807 quadam
884 723 957 808 lege
975 722 1149 808 gubernari

190 813 301 878 omnia
323 814 458 898 ideoque
487 817 619 877 aeterna
646 815 742 895 atque
770 811 967 875 immortalia
994 833 1074 875 esse.
1110 811 1149 875 In

190 902 231 966 iis
264 906 385 985 autem,
417 922 499 984 quaa
532 902 591 966 sub
621 901 731 966 orbem
758 901 854 964 lunae
887 899 1032 964 subiecta
1066 904 1149 984 sunt,

191 990 374 1054 absolutam
393 989 521 1072 quidem
539 990 629 1054 illam
647 992 680 1052 et
698 988 786 1054 omni
804 1010 843 1052 cx
861 991 954 1072 parte
972 987 1149 1071 perfectam

191 1078 350 1142 iustitiam
367 1077 520 1142 materiae
538 1077 617 1142 vitio
637 1077 725 1142 cerni
738 1098 806 1141 non
819 1098 927 1161 posse3
950 1097 1020 1140 esse
1039 1079 1149 1140 tamen

189 1165 333 1249 aliquam
362 1165 509 1230 coelestis
536 1166 623 1232 illius
650 1165 839 1250 imaginem,
868 1165 946 1229 alibi
973 1167 1149 1249 expressio-

190 1274 273 1337 rem,
295 1253 374 1318 alibi
396 1254 503 1318 minus
526 1276 723 1338 expressam3
744 1254 891 1318 futurum
914 1254 1001 1318 enim
1019 1254 1148 1338 alioqui,

190 1345 229 1405 ut
251 1343 520 1426 permiscerentur
536 1365 584 1408 xac
611 1345 798 1408 corruerent
825 1342 943 1406 omnia.
980 1340 1089 1425 Atque
1114 1347 1149 1406 ut

190 1452 337 1514 quaeque
350 1453 401 1496 res
415 1432 509 1515 plura
523 1434 555 1496 et
574 1433 710 1496 certiora
727 1431 814 1495 illius
832 1431 970 1516 vestigia
987 1431 1149 1514 retineret,

168 1518 238 1582 ita
266 1540 335 1583 esse
363 1541 435 1584 eam
456 1520 694 1604 perfectiorem,
721 1519 934 1604 stabiliorem,
960 1519 1149 1584 immortali-

191 1606 253 1668 tati
284 1607 485 1690 viciniorem,
515 1612 553 1672 ut
584 1609 736 1691 pauciora
768 1609 938 1692 minusque
971 1611 1072 1693 certa,
1103 1609 1148 1672 ita

189 1692 298 1756 minus
321 1695 496 1776 perfectam
514 1696 683 1779 minusque
698 1701 915 1781 constantem,
937 1697 1148 1780 pluribusque

190 1779 318 1844 casibus
347 1785 442 1865 atque
471 1783 618 1846 interitui
645 1784 781 1868 denique
806 1785 993 1850 obnoxiam.¹
1024 1784 1063 1849 In
1087 1787 1149 1849 ele·

190 1868 308 1934 mentis
336 1869 399 1934 hoc
425 1872 564 1954 primum
590 1873 697 1936 notari
720 1875 886 1958 volebant,
915 1895 1016 1958 eaque
1044 1875 1148 1958 dupli·

188 1955 270 2021 citer
293 1958 553 2044 considerabant,
576 1964 734 2043 quatenus
762 1963 1014 2046 unumquodque
1034 1984 1148 2028 eorum

186 2046 296 2109 totum
319 2047 471 2129 quiddam
494 2052 590 2132 atque
612 2050 776 2135 integrum
790 2055 853 2135 est,
876 2054 909 2115 et
932 2054 1091 2134 quatenus
1108 2053 1148 2116 ad

189 2135 457 2216 compositionem
493 2137 646 2219 quasique
679 2140 999 2223 coagmentationem
1027 2143 1149 2205 cetero-

188 2240 262 2280 rum
285 2242 456 2302 corporum
478 2224 654 2305 particulae
677 2227 835 2310 quaedam
861 2229 992 2292 illorum
1020 2229 1171 2308 assidue,

189 2306 423 2406 permiscentur
446 2330 483 2374 ac
505 2313 735 2396 temperantur.
771 2315 855 2380 Tota
882 2317 984 2401 igitur
1011 2309 1171 2395 clemen-l

188 2393 224 2453 ta
247 2413 310 2492 ms1
333 2395 424 2458 sedes
448 2419 485 2461 ac
506 2402 655 2484 regiones
680 2403 741 2467 sibi
764 2425 783 2467 a
805 2407 924 2468 natura
943 2406 1036 2471 datas
1050 2410 1150 2490 atque

188 2479 363 2544 attributas
378 2483 559 2572 obtineant,
579 2491 606 2554 si
623 2491 745 2556 irruere
763 2493 799 2556 in
817 2493 940 2558 alienas
960 2497 993 2558 et
1006 2495 1150 2580 migrare

187 2569 359 2668 conentur,
382 2570 410 2633 si
432 2572 518 2656 ignis
540 2579 683 2660 proxime
712 2581 774 2645 sibi
801 2582 1003 2665 suppositam
1026 2583 1153 2647 anima·

187 2652 253 2751 lem
280 2657 526 2744 spirabilemque
555 2670 706 2733 naturam
738 2669 891 2753 depascat
922 2674 957 2734 et
988 2671 1170 2758 absumat„

188 2759 216 2800 s1
249 2760 333 2823 aqua
364 2765 432 2810 non
465 2755 618 2819 contenta
649 2757 688 2821 iis
721 2758 881 2842 terminis,
913 2781 995 2843 quos
1022 2761 1170 2853 pepigitl

188 2823 289 2926 Deus,
312 2832 581 2935 terram'opcriat
603 2849 635 2909 et
655 2845 782 2910 obruat:
807 2847 961 2930 quianon
983 2849 1153 2934 intelligit,

186 2917 331 3012 pentura
353 2917 501 2988 funditus
525 2933 634 2998 omnia
657 2939 690 2999 et
711 2936 811 3000 talem
838 2935 1003 3019 quandam
1031 2939 1148 3004 confu-

185 3021 324 3086 sionem,
347 3009 475 3089 qualem
498 3021 613 3098 po'e'tae
637 3027 713 3088 ante
736 3023 848 3088 orbem
861 3025 1029 3090 conditum
1047 3027 1152 3091 fuisse

184 3085 327 3187 fingunt,
350 3106 618 3174 consecuturam?
642 3112 725 3189 Quid
747 3133 820 3176 cum
842 3116 951 3195 partes
965 3135 1081 3180 eorum
1100 3137 1169 3180 cov

184 3172 291 3250 pularr
318 3197 356 3240 ac
384 3187 563 3258 coalescere
592 3201 633 3265 ad
660 3201 724 3266 alia
758 3222 894 3284 corpora
920 3203 1153 3288 progignenda

186 3258 219 3318 et
237 3261 462 3367 001J¹ffit11031da
482 3286 624 3370 oportet,
642 3310 751 3354 nonne
770 3289 894 3353 iustitia
913 3291 1056 3374 quadam
1071 3297 1153 3357 tem-

185 3345 363 3441 perationrs
391 3353 479 3422 rlhus

186 3448 338 3511 cuiusque
360 3455 420 3515 pro
444 3371 991 3548 rammiditidiieoeqiiltunistiadi
1007 3383 1154 3535 deliniti}

185 3515 379 3582 misceatur?
411 3524 452 3591 ln
470 3533 528 3602 illa
543 3547 646 3615 etiam
665 3515 899 3638 qiadripartita
916 3521 1155 3638 tempestttum
