2360 3944
171 222 214 284 24
548 220 684 276 ORATIO
703 221 750 276 IlI.

169 367 220 430 vel
252 366 392 431 invidiae
419 387 545 430 veneno
574 365 701 447 suffusi,
734 368 775 430 ad
798 387 879 450 quae
903 369 1037 452 aspirare
1057 370 1107 452 ipsi

169 476 237 520 non
260 457 396 539 queunt,
414 476 452 518 ea
466 457 629 538 praestare
648 454 729 518 alios
751 454 977 540 indignantur,
999 458 1046 521 uel
1065 457 1106 520 de·

169 544 266 626 nique
290 543 388 627 quod,
416 542 443 606 si
467 542 576 608 omnia
597 542 735 608 aliorum
757 543 893 607 consilia
915 547 1009 628 atque
1030 545 1106 608 insti·

169 635 242 696 tuta
264 629 516 716 reprehendant,
543 630 590 694 ita
613 651 646 694 se
675 630 804 696 demum
832 631 895 694 sibi
918 632 1054 716 aliquam
1072 633 1109 696 iu-

170 719 246 784 dicii
276 719 399 784 famam
430 718 633 784 confecturos
671 739 739 784 esse
776 719 957 804 confidunt,
993 742 1052 804 qua
1083 722 1110 784 in

170 829 205 871 re
227 808 323 874 nobis
346 809 417 872 laus
441 828 478 871 ac
501 806 736 871 commendatio
760 807 908 891 debetur,
936 830 974 872 ea
999 809 1033 872 in
1053 809 1111 892 ipsa

170 896 402 980 reprehendere
424 917 485 960 nos
508 898 604 978 atque
624 915 772 960 accusare
791 916 860 960 non
878 899 1040 980 verentur,
1061 898 1112 960 cla-

97 981 99 988 '
170 989 324 1068 mantque
346 983 505 1070 regendos
529 1004 598 1048 esse
620 983 858 1067 professionum
879 984 976 1070 fines,
999 972 1139 1068 suisque¹

172 1094 331 1156 quamque
353 1071 509 1136 limitibus
533 1092 570 1135 ac
598 1071 744 1136 terminis
773 1037 995 1157 coercendam,
1022 1095 1114 1156 neque

170 1160 374 1243 patiendum,
392 1163 430 1224 ut
448 1163 505 1224 aut
522 1159 708 1243 philosophi
721 1181 803 1243 quae
818 1165 895 1225 sunt
893 1161 1115 1262 eloquentium

170 1253 343 1351 usurpent,
371 1252 428 1313 aut
413 1248 566 1313 tdiserti
593 1247 817 1332 philosophica
840 1245 1021 1335 attingant,
1046 1251 1115 1314 eius·

172 1359 233 1420 que
261 1337 308 1402 rei
335 1337 479 1402 rationes
507 1336 663 1420 quasdam
686 1335 837 1420 afferunt,
864 1359 933 1402 non
957 1339 1116 1404 admodum

171 1427 295 1491 validas
309 1426 381 1490 illas
397 1424 540 1510 quidem,
559 1424 614 1488 sed
634 1446 715 1508 quae
733 1387 844 1490 tamed
863 1426 1004 1509 aliquem
1022 1428 1116 1492 minus

171 1516 311 1597 peritum
337 1515 373 1579 in
399 1514 546 1578 fraudem
571 1513 721 1578 inducere
752 1535 847 1597 posse
874 1514 1056 1580 videantur:
1082 1551 1117 1562 —·

173 1603 272 1667 statii
298 1602 454 1668 hodierno
482 1602 546 1685 die,
573 1600 760 1685 Auditor-es,
788 1603 879 1666 vobis
908 1602 1117 1689 disceptatori-

173 1690 232 1754 bus
251 1693 347 1774 atquc
366 1689 508 1773 arbitris,
527 1689 678 1753 adversus
693 1711 748 1754 eos
763 1689 931 1774 disserere,
949 1697 982 1756 et
1002 1691 1118 1776 quidem

173 1799 211 1841 ea
227 1779 299 1864 lege
323 1778 491 1861 disserere,
513 1780 564 1860 ut,
586 1777 650 1840 nisi
670 1798 738 1860 ecs,
761 1799 830 1843 non
852 1779 957 1844 dicam
972 1801 1050 1867 ego,
1072 1780 1120 1845 sed

172 1867 244 1968 ipsa
266 1865 472 1967 philosophia
495 1865 696 1968 eloquentiae
719 1867 817 1944 armis
845 1867 1005 1970 instructa
1027 1870 1120 1954 frege·
1164 1956 1165 1980 ,

173 1955 1122 2131 11111111111111111

174 2156 211 2197 ac
239 2135 401 2219 sapienter
426 2133 528 2216 loqui,
559 2153 620 2196 nos
647 2131 816 2196 vaticinari
848 2135 945 2216 atque
977 2135 1123 2217 insanire,

174 2222 222 2286 1111
241 2223 354 2286 studiis
374 2220 613 2284 adolescentum
628 2220 747 2303 optime
757 2221 932 2304 consulere
945 2243 1006 2288 nos
1017 2224 1124 2288 iisdem

175 2309 452 2374 evhementissime
467 2307 595 2372 officere
608 2307 793 2372 iudicemur.
810 2307 996 2395 Intelligitis
1012 2316 1125 2394 autem,

175 2419 243 2462 1111
266 2398 346 2462 mihi
369 2418 442 2462 cum
469 2396 588 2481 duplici
613 2396 782 2462 hominum
808 2418 925 2483 genere
952 2401 1125 2486 negotium,

176 2509 312 2570 quorum
335 2486 391 2550 alii
412 2486 516 2550 levem
539 2489 572 2548 et
593 2485 733 2552 inerudit
719 2489 786 2550 tam
808 2486 1052 2573 loquacitatem,
1075 2489 1126 2552 alii

175 2575 359 2640 inornatam
382 2577 415 2639 et
436 2574 626 2640 indisertam
647 2574 886 2659 philosophiam
909 2576 1028 2641 colunt.
1065 2577 1127 2642 Ad-

175 2686 286 2730 versus
309 2686 390 2748 quos
407 2666 561 2748 utrosque
580 2663 657 2727 dum
675 2662 809 2746 dissero,
830 2665 906 2747 peto
925 2686 945 2727 a
962 2664 1056 2730 vobis
1073 2687 1127 2750 per

176 2776 230 2819 eas
252 2754 339 2839 ipsas
362 2756 460 2837 artes,
488 2752 526 2816 de
554 2751 669 2853 quibus
697 2751 801 2815 dicere
826 2751 966 2837 institui,
993 2774 1127 2855 quarum

177 2847 348 2928 utramque
381 2842 473 2907 vobis
501 2841 717 2924 maximopere
751 2839 839 2904 cordi
871 2861 940 2904 esse
971 2843 1062 2925 novi,
1093 2845 1128 2905 ut

177 2932 318 2998 studium
349 2953 455 2998 meum
488 2930 693 2995 attentione
690 2930 805 2992 vestra
836 2929 993 3013 excitetis,
1025 2933 1129 2996 atten-

176 3025 298 3088 tionem
321 3021 449 3088 silentio
472 3019 628 3084 indicetis.

241 3111 385 3178 Primum
408 3113 516 3176 autem
535 3107 779 3194 congrediamur
797 3128 870 3172 cum
893 3107 1038 3173 delicatis
1057 3077 1132 3172 istis

177 3200 400 3282 etmollibus‚
428 3221 508 3282 quos
535 3197 667 3282 perinde
695 3217 732 3261 ac
758 3218 875 3280 parvos
902 3197 1052 3282 puerulos
1082 3219 1135 3260 se·-

176 3309 252 3353 vera
275 3291 307 3350 e
328 3249 423 3352 torv'a
445 3286 680 3370 quodammodo
708 3285 932 3370 philosophiae
957 3285 1056 3350 facies
1083 3284 1136 3348 ita-

177 3377 329 3460 deterret,
352 3378 389 3440 ut
411 3375 452 3438 ad
476 3397 546 3439 eam
569 3375 701 3460 propius
724 3374 873 3439 accedere
895 3396 963 3440 non
981 3373 1133 3439 audeant.

176 3465 363 3533 Efficiemus
387 3463 474 3529 enim
497 3464 536 3527 de
560 3463 684 3530 duobus
708 3463 858 3548 alterum,
880 3467 918 3527 ut
936 3466 992 3528 aut
1009 3461 1072 3526 fusi
1092 3481 1130 3526 ae

178 3554 281 3644 fugati
295 3552 423 3622 molesti
436 3551 531 3619 nobis
551 3573 620 3619 esse
639 3551 802 3643 desinant,
821 3554 890 3640 aut,
909 3551 995 3636 quod
1012 3549 1131 3634 malim,
