2368 3956
420 223 538 281 CAPUT
556 226 614 281 LV.
929 225 990 290 191

46 372 98 450 111,
119 367 164 432 ibi
187 367 314 436 labores
338 369 466 454 quidem
480 371 636 436 militares
651 374 684 435 11
705 371 847 456 pericula
870 374 902 436 et
924 372 993 436 vul·

45 477 114 520 nera
140 459 172 521 et
199 459 311 522 caedes
340 460 506 544 pertinent
534 461 575 525 ad
598 481 653 525 ecs
677 461 732 545 qui
758 460 893 544 imperio
917 460 995 524 sul)-

46 548 124 608 sunt:
147 545 268 630 gloriae
292 551 400 612 antem
423 551 456 612 et
477 548 604 632 imperii
619 549 824 634 amplificatio
839 552 872 612 et
886 549 994 613 omnis

46 634 170 719 denique
202 635 340 715 fructus,
372 637 427 722 qui
455 658 494 700 ex
516 637 651 702 victoria
682 637 820 722 capitur,
850 637 994 702 11111111

45 743 134 786 unum
164 723 260 808 redit,
294 725 349 809 qui
379 728 502 790 ceteros
522 747 706 810 oppressos
738 729 842 809 tenet,
874 747 997 810 cosque

44 809 132 874 habet
153 811 190 875 in
215 813 450 896 mancipiorum
478 817 534 878 aut
559 816 595 879 in
617 814 773 898 pecudum
796 815 875 879 loco.
902 814 994 879 Haec

44 899 175 964 inhanc
197 900 263 963 fere
287 902 481 966 sententiam
504 903 710 987 disputantur
732 903 772 967 ab
793 901 992 986 Hippocrate

43 988 73 1050 in
92 988 214 1072 libello,
237 1010 300 1072 quo
324 991 474 1074 explicat,
503 991 587 1068 Quid
609 991 751 1058 efficiunt
778 991 871 1076 caeli,
895 1012 996 1077 aqua·

44 1098 105 1140 rum
128 1080 160 1141 et
181 1078 325 1142 locorum
346 1079 527 1146 varietates.

396 1273 539 1340 CAPUT
562 1273 629 1340 LV.

44 1391 110 1447 DUO
132 1391 434 1450 GRAVISSIMORUM
463 1394 693 1450 SCRIPTORUM
715 1394 812 1465 LOCI,
839 1393 995 1462 QUORUM

45 1480 77 1534 IN
86 1481 255 1548 UTROQUE
265 1483 394 1538 EADEM
406 1482 560 1540 MAOULA
572 1483 776 1554 HAESERAT,
789 1483 992 1540 EMENDATI.

122 1607 245 1675 Vereor
274 1610 448 1696 interdum,
479 1631 521 1674 111
549 1611 623 1695 sint,
647 1612 762 1696 quibus
793 1611 855 1676 hoc
886 1613 993 1675 totum

45 1697 218 1781 scriptionis
242 1719 344 1785 genus
367 1700 436 1764 leve
452 1720 489 1764 ac
502 1700 771 1764 contemnendum
794 1721 864 1764 esse
886 1699 993 1764 videa-

44 1789 102 1870 tur,
133 1787 219 1872 quod
250 1787 291 1852 ad
322 1789 464 1854 maculas
497 1809 514 1852 e
545 1791 689 1852 veterum
721 1789 812 1853 libris
840 1788 992 1852 eluendas

45 1874 179 1941 refertur.
224 1874 271 1941 Ut
298 1877 384 1941 enim
411 1900 488 1942 vera
514 1877 592 1961 sint,
616 1898 696 1961 quae
720 1877 902 1941 scribimus:
925 1876 993 1940 fere

45 1967 156 2049 tamen,
181 1965 373 2050 simulatque
398 1965 469 2051 quis
492 1987 591 2029 unam
614 1969 671 2030 aut
693 1967 827 2030 alteram
850 1965 993 2028 litteram

46 2073 183 2117 vocemve
206 2053 241 2117 in
263 2055 346 2120 libro
375 2076 433 2119 suo
458 2058 514 2118 aut
540 2055 725 2138 mutaverit,
754 2057 810 2118 1111
832 2053 993 2137 deleverit,

46 2143 94 2202 aut
122 2141 291 2226 addiderit,
322 2143 370 2206 itu
399 2143 528 2228 singula
558 2143 674 2207 horum
701 2143 857 2207 librorum
887 2142 992 2224 capita

46 2232 207 2314 concerpat
228 2230 313 2314 licet,
334 2235 372 2294 111
391 2253 526 2316 quorum
548 2231 601 2295 vix
624 2245 701 2296 usus
723 2233 888 2314 praeterea
907 2230 994 2293 ullus

46 2336 105 2380 esse
127 2319 209 2382 alius
231 2319 344 2402 possit.
395 2319 457 2385 Sed
479 2323 589 2384 tamen
612 2319 640 2384 si
668 2319 739 2404 quis
769 2339 876 2383 secum
899 2338 994 2402 repu-

46 2406 97 2488 tet,
117 2407 269 2490 primum,
293 2411 415 2492 quanta
436 2409 559 2472 utilitas
583 2429 622 2472 ex
638 2413 782 2472 veterum
801 2407 992 2490 scriptorum

45 2491 352 2580 lectione'capiatur,
375 2497 503 2582 deinde,
526 2499 681 2581 quantam
702 2495 926 2561 difficultatem
941 2496 992 2559 de-

46 2586 169 2664 pravata
192 2584 351 2668 scriptura
377 2585 506 2650 illorum
529 2585 681 2650 studiosis
705 2585 853 2650 exhibere
883 2585 994 2666 soleat,

46 2692 187 2756 magnam
215 2674 352 2758 gratiam
379 2673 561 2739 habendam
589 2694 658 2738 esse
680 2673 834 2738 iudicabit
861 2671 913 2753 iis,
938 2672 993 2756 qui

47 2780 96 2824 suo
126 2763 237 2828 labore
268 2762 411 2827 laborem
444 2762 514 2826 aliis
545 2762 698 2826 minuunt
729 2765 773 2846 et,
808 2759 844 2824 in
876 2759 994 2845 quibus

47 2847 101 2930 ipsi
124 2851 274 2916 fortassis
302 2851 473 2936 aliquando
500 2851 714 2935 haesitamnt,
741 2850 776 2914 in
799 2849 844 2914 eis
867 2871 908 2914 ne
938 2849 993 2912 alii

48 2957 162 3022 quoque
184 2939 358 3024 haesitent,
386 2939 560 3005 elaborant.
611 2938 682 3016 Qua
704 2959 760 3022 spe
788 2937 992 3002 1111111111·

49 3027 149 3092 secivis
185 3028 274 3093 horis
311 3049 420 3092 eorum
457 3029 627 3112 librorum,
660 3027 775 3113 quibus
808 3026 884 3090 olim
916 3048 993 3090 usus

49 3117 217 3199 sum,'oras
239 3117 389 3202 inspicio,
413 3120 445 3180 11
468 3117 495 3182 11
519 3116 595 3202 quid
608 3117 642 3181 in
656 3113 707 3180 leis
729 3117 877 3180 notatum
891 3114 993 3200 uideo,

49 3205 123 3284 quod
149 3205 222 3269 usui
250 3206 347 3270 etiam
377 3206 448 3270 aliis
472 3227 542 3271 esse
564 3227 659 3289 posse
683 3204 831 3288 arbitrer,
861 3204 998 3288 colligo:-

49 3295 134 3374 atque
155 3293 202 3358 ita
224 3293 304 3358 haec
318 3295 561 3379 qualiacumque
575 3294 741 3377 concinno,
763 3297 813 3378 ut,
836 3293 864 3357 si
886 3294 992 3356 minus

48 3377 107 3460 ipse
130 3381 167 3444 de
190 3403 262 3448 meo
282 3383 434 3448 excudere
457 3403 588 3468 possum
611 3383 710 3468 digna
732 3402 813 3466 quae
835 3382 993 3464 legantur,

50 3471 178 3534 atcerte
203 3470 323 3556 aliquid
347 3471 492 3554 efficiam,
516 3471 633 3556 quoii,
657 3471 711 3555 qui
734 3470 870 3534 lectione
894 3468 993 3553 digna

49 3557 246 3644 scripserunt,
268 3561 394 3626 facilius
407 3560 639 3644 intelligantur.
674 3557 770 3624 Nunc
790 3557 890 3642 igitur
913 3556 996 3621 duos
