2368 3956
177 243 242 308 206
548 242 633 298 vsa
652 242 755 298 Lacr.

176 382 287 453 καὶ
253 412 315 454 τον
336 388 511 472 Βρασίδαν
536 411 577 452 τοι
598 411 617 452 c
653 382 757 452 ἄλλοι
763 387 872 463 καλῶς
901 383 1046 466 ἐδέξαντο
1067 387 1110 454 καὶ

177 476 322 563 δημοσίᾳ
343 473 412 585 ptv
428 475 539 582 χρυσῷ
563 472 716 563 στεφάνῳ
739 469 965 560 ἄνέδησαν,’
943 501 986 552 ως
1003 475 1112 542 ἐλευθε-

177 565 302 673 periura
323 587 398 672 την
403 558 557 645 Ἑλλάδα,
581 565 652 650 ἰδίᾳ
674 541 712 630 db
730 561 900 630 ἐταινίουν
912 587 947 630 τε
960 563 1012 630 καὶ
1033 584 1112 650 προσ·

176 650 335 738 ἤρχοντο,
370 647 481 738 ὥσπερ
513 629 666 738 tarpeii.
715 651 829 719 Athlet
815 657 884 720 tam
919 657 1025 720 autem
1056 676 1111 720 cun

178 741 271 828 dicit,
294 739 571 827 Olympionices
561 763 597 806 m
597 741 725 828 telligit.

535 933 682 1003 CAPUT
703 933 771 1002 Lx.

175 1053 376 1111 HIPPOLYTI
398 1053 504 1115 GARD.
527 1054 898 1200 {STENgIlilzhlt'lotUDENS
921 1055 970 1112 Dll
993 1055 1113 1114 SEVERI-

555 1144 629 1201 Ara
668 1145 691 1199 E
773 1187 780 1202 .

242 1267 345 1354 Saepe
371 1269 452 1336 mihi
478 1271 668 1336 obversatur
694 1271 769 1336 ante
801 1271 913 1338 oculos
940 1269 1115 1356 Hippolytus

175 1356 357 1426 damnalia
371 1357 600 1443 Ferrariensis,
623 1380 718 1443 saepe
741 1359 780 1424 de
798 1360 855 1426 illo
868 1359 1017 1446 vigilans,
1038 1381 1115 1444 saepe

176 1447 274 1512 etiam
301 1447 463 1512 dormiens
491 1448 612 1533 cogito:
639 1451 673 1513 et
698 1467 819 1534 magna
845 1469 961 1514 caussa
987 1451 1046 1532 est,
1072 1471 1116 1513 cur

176 1536 209 1601 id
231 1535 338 1600 facere
361 1536 504 1602 debeam.
539 1535 668 1602 Primus
680 1537 735 1601 ille
758 1537 963 1602 fortunarum
964 1558 1115 1690 ᾖ1111111111,

176 1625 351 1726 quantulae
377 1624 453 1691 illae
479 1625 612 1690 tandem
638 1646 764 1710 cunque
787 1629 877 1711 sunt,
904 1628 1016 1691 auctor
1036 1630 1115 1710 etqm

176 1712 323 1796 inceptor
344 1712 417 1778 fuit.
463 1713 653 1817 Quindecim
667 1735 770 1780 annos
793 1719 827 1780 ct
848 1735 887 1780 eo
910 1714 1045 1798 amplius
1057 1735 1114 1778 cun

177 1821 214 1865 eo
241 1801 584 1868 familiarissimevixu
591 1824 701 1869 :cum
724 1802 864 1905 optimus
887 1806 921 1868 et
941 1801 1115 1868 humanissi-

175 1911 248 1954 mus
262 1887 416 1975 Princeps
440 1913 499 1956 sua
521 1913 647 1956 mecum
670 1891 868 1977 gravissimis
887 1891 926 1955 de
949 1892 1043 1957 rebus
1056 1912 1115 1955 con-

176 1979 248 2044 silia
262 2000 492 2063 saepenumero
507 1979 770 2045 communicaret.
789 2001 1022 2065 nonnunquam
1035 1980 1115 2044 etiam

176 2067 289 2132 eodem
310 2068 407 2152 plane
420 2068 526 2152 modo,
549 2091 612 2153 quo
627 2069 776 2170 magistri
794 2068 1051 2152 discipulorum'
1041 2087 1115 2152 mge-

175 2155 232 2220 nia
257 2156 487 2242 interrogando
514 2157 652 2241 experiri
679 2157 797 2242 solent,
828 2177 934 2221 meam
965 2177 1057 2240 super
1080 2156 1115 2218 eis

177 2245 371 2310 sententiam
393 2246 588 2330 exquireret:
612 2267 632 2309 a
655 2265 689 2310 se
710 2245 873 2310 interdum
892 2245 1116 2311 dissentientem

176 2333 371 2419 aequissimo
385 2334 494 2398 animo
507 2333 619 2400 ferret:
643 2337 803 2400 errantem
821 2335 1040 2400 amantissime
1060 2331 1116 2396 red-

177 2425 338 2506 argueret,
359 2421 597 2508 multarumque
611 2443 719 2488 rerum
732 2423 773 2488 ad
790 2421 890 2487 vitam
903 2422 1116 2506 pertinentium

175 2529 235 2594 pro
267 2508 425 2594 singulari
454 2509 640 2596 prudentia,
677 2532 740 2595 qua
770 2510 934 2594 praeditus
967 2513 1045 2594 erat,
1019 2507 1117 2574 tad·

176 2600 331 2662 moneret.
365 2596 539 2683 Praecipue
554 2602 662 2664 autem
685 2619 757 2664 cum
771 2597 873 2663 Tibur
893 2617 1117 2678 accesseramus,

175 2687 232 2752 ubi
244 2685 299 2750 ille
313 2688 487 2772 quotannis
502 2688 642 2752 aestivos
655 2708 782 2770 menses
803 2687 985 2772 transigere
1002 2686 1117 2766 solebat

176 2777 285 2840 nullus
307 2777 373 2840 fere
387 2777 499 2842 abibat
512 2775 580 2842 d1es
585 2827 595 2862 ,
617 2776 697 2860 quin
718 2797 775 2860 per
778 2773 969 2851 studiorum
987 2774 1117 2873 speciem,

177 2865 248 2929 aliis
271 2865 421 2930 omnibus
443 2864 592 2948 exclusis,
618 2864 716 2930 horas
739 2863 862 2948 aliquot
883 2884 949 2926 una
975 2860 1117 2928 iucundis·

178 2953 267 3018 simis
282 2953 483 3019 sermonibus
497 2973 765 3018 consumeremus.
800 2949 1000 3036 Utinamque
1015 2969 1118 3030 eorum

178 3064 259 3128 quae
287 3041 429 3140 quotidie
457 3043 498 3106 ab
525 3042 581 3106 illo
608 3040 791 3127 audiebam,
822 3039 1065 3106 commentarios
1093 2997 1118 3099 ed

178 3122 386 3196 confecissem
414 3131 559 3217 diligent'
550 3152 600 3195 1us
627 3134 660 3195 ct
645 3128 857 3196 tstudiosius
885 3145 1118 3225 conservassem

178 3217 241 3285 Sed
263 3219 431 3285 bominum
453 3219 703 3305 incogItantium
724 3239 826 3301 more,
849 3217 919 3302 qui,
942 3237 1072 3303 quorum
1091 3213 1119 3276 in

177 3329 330 3394 praesens
354 3309 517 3392 eopia,
459 3311 509 3374 est
540 3329 579 3373 ea
593 3307 654 3372 sibi
667 3310 822 3410 perpetuo
835 3309 952 3390 parata
974 3305 1040 3370 fore
1056 3322 1118 3368 con·

177 3399 294 3483 fidunt,
322 3400 355 3462 et
382 3397 573 3481 eplurimis
604 3396 799 3480 paucissima
830 3395 1017 3480 seligebam,
1049 3407 1119 3474 quae

178 3487 352 3551 memoriae
375 3505 489 3549 caussa
516 3485 739 3585 consignarem
761 3483 892 3566 litteris,
915 3484 948 3546 et
970 3503 1022 3547 eas
1043 3479 1117 3575 ipsas

180 3575 296 3656 scidas,
323 3575 359 3638 in
386 3593 466 3656 quas
493 3572 550 3636 illa
577 3571 788 3658 coniecerem,
818 3533 969 3656 posteo
959 3575 1005 3636 uta
1031 3562 1117 3649 negli-
