2330 3944
380 211 515 267 ORATIO
535 211 608 268 XIV.
908 211 971 278 139

31 355 176 437 dispersos
209 355 356 420 homines
389 376 603 441 congregasse
639 371 672 421 et
708 379 746 422 ex
782 359 902 444 agresti
934 381 971 424 ac

30 443 119 506 ferina
145 443 188 506 ad
215 444 376 508 mitiorem
404 448 437 508 et
463 445 630 510 cultiorem
661 445 761 510 vitam
792 447 971 512 traduxisse

30 531 239 614 perhibentur,
270 554 337 597 non
365 532 420 596 alii
448 553 544 617 quam
571 536 685 617 po‘e'tac
712 534 856 598 fuenmt:
890 557 971 619 quos

30 623 187 702 propterea
209 619 303 685 Plato
327 620 469 686 Deorum
496 621 580 686 lilios
604 625 636 686 et
664 623 840 706 sapientiae
862 626 971 707 patres

31 729 59 770 ac
80 707 171 772 duces
195 712 300 773 vocat.
336 707 398 784 Qui
428 731 500 774 cum
527 714 560 774 et
586 711 767 794 praeclaras
795 712 972 776 sententias

30 795 202 881 funderent,
243 800 277 862 et
317 798 411 861 certis
452 798 594 862 numeris
630 821 668 863 ac
704 799 838 883 pedibus
875 800 973 863 verba

31 883 188 968 vincirent,
223 885 272 950 ita
306 889 344 950 ut
378 907 483 971 neque
518 887 652 951 ulterius
685 909 782 971 quam
813 907 872 972 par
904 891 974 952 erat

31 976 223 1036 excurrerent
249 995 353 1058 neque
381 975 510 1038 citerius
538 975 762 1058 subsisterent,
795 975 850 1040 sed
881 976 973 1059 paria

31 1060 147 1142 paribus
170 1061 355 1146 reddentes,
378 1063 648 1146 aequilibritatem
665 1064 700 1126 in
718 1064 853 1128 dicendo
873 1072 972 1147 quan·

32 1148 94 1211 dam
114 1149 293 1234 efficerent,
321 1155 353 1214 et
380 1151 582 1216 oraculorum
605 1152 722 1216 similia
744 1157 841 1236 atque
864 1152 973 1237 aenig-

32 1239 140 1300 matum
168 1239 307 1322 speciem
333 1240 522 1323 praebentia
547 1240 651 1305 multa
677 1242 896 1324 loquerentur:
919 1240 973 1304 ad·

33 1325 134 1390 mirata
157 1349 212 1391 eos
234 1327 292 1392 illa
313 1327 401 1392 rudis
425 1328 601 1411 antiquitas
624 1332 657 1392 et
685 1329 830 1392 divinum
853 1328 974 1412 aliquid

33 1413 121 1478 ineis
143 1416 245 1480 latere
267 1420 340 1480 rata
362 1420 423 1498 est,
446 1419 479 1481 et
501 1417 659 1481 suavitate
674 1420 828 1480 cantuum
849 1415 974 1480 irretita

34 1501 198 1568 ducendam
220 1525 254 1569 se
277 1505 340 1568 illis
363 1505 669 1590 gubernandamque
691 1505 846 1588 permisit.
902 1511 906 1516 '

86 1590 208 1657 Muleet
241 1597 349 1657 autem
381 1593 505 1658 animos
538 1596 571 1657 et
605 1592 785 1657 incredibili
817 1592 974 1658 suavitate

34 1680 185 1761 perfundit
220 1682 342 1766 po'e'sis,
377 1685 415 1746 ut
449 1704 515 1746 uno
551 1681 649 1746 verbo
686 1681 803 1765 dicam,
843 1685 975 1766 propter

36 1768 312 1834 admirabilitatem.
347 1768 486 1836 Delectat
511 1771 606 1848 enim,
634 1770 680 1834 ait
703 1767 866 1856 ciceron,
892 1771 975 1850 qaia-

35 1857 96 1936 qaid
115 1862 160 1923 est
179 1858 370 1923 admirabile.
401 1858 520 1923 Poetae
539 1861 646 1922 autem
664 1861 697 1922 et
714 1859 796 1923 mira
819 1858 976 1942 quaedam

36 1950 168 2030 narrant,
191 1950 226 2010 et
248 1968 287 2011 ea
309 1947 389 2012 miro
413 1947 509 2012 modo
533 1947 734 2030 eloquuntur.
770 1945 841 2010 Iam
864 1966 975 2010 omnes

35 2031 166 2100 homiues
189 2039 310 2100 natura
332 2035 440 2119 cupidi
464 2038 540 2099 sunt
562 2035 727 2117 scientiae,
750 2037 783 2098 et
806 2033 975 2098 admiratio

38 2121 168 2188 stimulus
198 2123 330 2208 quidam
357 2126 407 2188 est
434 2123 475 2188 ad
503 2123 694 2208 sapientiam
726 2143 763 2186 ac
796 2121 975 2203 scientiam,

36 2209 158 2294 impellit
179 2213 267 2277 enim
290 2212 331 2277 ad
349 2212 565 2296 quaerendam
583 2233 742 2294 caussam,
763 2210 799 2274 in
817 2210 907 2274 cuius
925 2230 975 2274 co·

38 2300 168 2382 gnitione
191 2323 229 2366 ac
252 2301 457 2385 perceptione
480 2301 586 2385 posita
613 2299 747 2364 seientia
770 2302 827 2364 cst.
863 2297 977 2382 ltaque

37 2385 228 2474 Aristoteles,
250 2390 341 2454 cuius
362 2389 443 2454 haec
466 2411 505 2454 ex
525 2388 671 2453 fontibus
693 2388 845 2470 libamus,
868 2391 901 2450 et
923 2387 978 2450 ad·

37 2476 192 2542 miratione
217 2478 330 2542 ductos
354 2499 422 2542 esse
445 2477 592 2542 homines
615 2477 661 2540 ait
684 2474 724 2540 ad
747 2475 977 2559 philosophan-

37 2563 114 2649 dum,
135 2570 168 2630 et
190 2570 228 2632 ut
246 2567 380 2650 quisque
399 2565 576 2650 sapientiae
595 2564 834 2629 amantissimus
854 2565 909 2647 sit,
931 2562 978 2627 ita

38 2672 96 2716 csse
117 2655 374 2720 amantissimum
396 2654 588 2718 fabularum.

93 2741 261 2808 Delectant
287 2745 402 2827 poetae
428 2764 562 2807 numero
590 2762 716 2825 quoque
739 2741 809 2825 ipso
833 2742 867 2804 et
889 2759 978 2823 sono,

37 2829 84 2911 qui
106 2836 237 2896 naturae
264 2835 396 2896 nostrae
418 2831 465 2894 ita
488 2834 723 2894 consentaneus
746 2831 807 2913 est,
834 2830 871 2892 ut
893 2830 978 2891 vete-

37 2937 101 2981 rum
126 2921 255 3004 quidam
282 2921 426 2984 animum
452 2919 558 3003 ipsum
588 2939 759 2982 numerum
785 2937 854 2982 esse
883 2918 978 2997 atque

36 3003 228 3072 harmoniam
259 3009 451 3092 putaverint.
496 3007 668 3071 Delectant
694 3006 805 3086 etiam,
837 3002 913 3086 quia
944 3002 979 3065 in
1009 3061 1010 3064 ,

36 3094 124 3158 rebus
144 3097 226 3161 nihil
250 3098 290 3162 ad
312 3117 373 3161 nos
401 3095 612 3160 attinentibus
639 3094 827 3178 pertentant
854 3090 979 3154 animos

36 3186 155 3248 nostros
178 3185 266 3250 omni
290 3205 407 3270 genere
431 3185 615 3266 affectuum,
637 3182 684 3246 ita
706 3184 744 3244 ut
766 3180 817 3244 vel
835 3179 979 3264 legentes

35 3276 176 3351 po'e'mata
203 3275 253 3338 vel
280 3273 447 3338 audientes
478 3269 641 3336 interdum
669 3288 827 3353 angamur
850 3289 887 3332 ao
910 3289 980 3351 pre·

2 3389 3 3442 3
36 3379 154 3425 namur
179 3366 280 3446 metu,
311 3359 475 3425 interdum
506 3360 547 3424 ad
575 3379 665 3442 spem
693 3358 866 3442 erigamur,
899 3377 981 3420 non-

83 3550 428 3634 eoruscantem.
