2326 3942
156 209 215 278 ,14
536 204 781 260 ιιιιιοιιιιι.

171 353 320 434 dolerem,
342 351 406 415 nisi
428 350 489 416 tibi
513 348 745 414 submolestam
769 369 839 412 esee
863 348 931 411 eins
954 347 1112 412 abitionem

171 463 188 504 e
216 441 280 504 tuis
311 401 428 504 litteris
459 438 609 503 viderem.
654 435 729 520 Ipse
761 435 857 500 hodie
889 436 930 500 ad
961 457 1011 501 me
1040 437 1150 499 venit

172 529 300 613 egitque
323 530 518 628 mecum,ut
481 547 575 590 use
597 526 633 590 in
655 524 861 608 disciplinam
884 545 990 589 meam
1012 525 1114 607 recipe-

170 637 247 681 rem.
279 615 352 702 Ego
376 616 406 679 ei
427 615 560 699 prolixe,
583 612 739 698 quidquid
761 612 1115 697 possem,epolhc1us

172 727 244 770 sum
266 709 300 770 et
313 703 421 769 detuli.
449 703 572 787 Itaque,
595 705 632 766 ut
653 701 757 784 video,
780 722 936 788 agnosces
960 702 1115 788 aliquando

171 795 207 858 in
228 794 308 858 meis
336 792 453 857 litteris
481 790 615 866 etiarn
605 789 709 874 ipsius
736 811 877 854 manum.
920 788 983 856 Sed
1006 790 1151 854 omitta-

172 904 243 948 mus
266 883 363 946 iocos.
395 879 444 944 De
466 880 565 946 filiolo
588 881 646 943 tuo
661 878 776 962 scripsi
798 879 868 944 heri
891 879 932 944 cd
953 882 987 944 te
1011 879 1117 944 sincere

173 974 205 1033 et
228 991 267 1034 ex
289 971 406 1053 animo,
421 968 498 1054 quid
520 967 600 1032 mihi
621 967 792 1032 videretur.
824 965 902 1032 Noli
924 972 1038 1052 putare
1059 989 1118 1030 eun

173 1059 251 1122 olim
273 1080 374 1122 unum
387 1079 426 1122 ex
448 1057 558 1122 multis
572 1056 649 1122 fore.
676 1054 831 1138 Excellet,
853 1056 935 1120 mihi
949 1056 1118 1122 credecatis

173 1147 259 1211 bono
281 1146 317 1210 in
339 1145 390 1210 his
412 1146 509 1210 rebus
523 1145 653 1231 quidem
676 1145 801 1230 auguri,
824 1148 858 1209 et
871 1145 993 1210 officiet
1015 1145 1118 1208 nostn's
1151 1161 1152 1192 ι

173 1233 340 1318 utriusque
362 1234 547 1299 luminibus.
579 1232 628 1297 De
641 1231 851 1317 Hieronymo,
873 1234 1011 1318 pusione
1034 1233 1118 1297 melli-

173 1323 313 1406 tissimo,
341 1344 434 1407 spero
457 1323 605 1407 equidem
629 1343 814 1388 successura
837 1323 959 1406 omnia,
989 1325 1027 1386 ut
1047 1323 1119 1385 volu-

174 1432 257 1476 mus.
284 1409 346 1476 Sed
368 1410 487 1476 nescin’
510 1415 547 1476 tu
570 1410 673 1475 amori
695 1413 887 1494 perpetuum
900 1431 971 1474 esse
986 1411 1120 1476 comitem

176 1499 362 1564 adiunctum
383 1499 527 1565 metum?
562 1498 636 1584 Ego
659 1502 781 1582 autem,
804 1496 901 1583 (quae
923 1503 981 1563 tua
1004 1501 1121 1562 suntin
1152 1507 1153 1540 ³

175 1609 227 1652 me
258 1589 398 1672 plurima
428 1589 569 1652 maxima
600 1586 777 1673 beneficia)
805 1587 870 1652 nisi
902 1587 1022 1652 liberos
1053 1592 1122 1669 tuos,

177 1677 296 1739 dum
266 1698 371 1740 uvam
371 1677 509 1761 ,eadem,
519 1698 583 1760 qua
595 1680 640 1760 tu,
650 1677 783 1742 caritate
796 1697 982 1761 prosequar,
992 1677 1121 1740 omniurn

177 1765 361 1829 mortalium
395 1765 635 1867 ingratissimus
670 1765 794 1829 fuerim.
844 1763 991 1830 Primum
1017 1763 1122 1830 Catulli

177 1852 290 1917 folium
321 1854 442 1938 accepi,
472 1854 508 1918 in
535 1876 598 1938 quo
629 1853 746 1918 menda
773 1853 929 1938 quaedam
962 1858 1041 1919 sunt
1069 1875 1122 1918 non

178 1943 289 2028 magni
311 1943 474 2008 momenti.
515 1942 598 2007 Item
620 1942 700 2006 illud
722 1942 846 2025 vellem,
870 1941 989 2028 quod'
978 1964 1014 2006 ιιι
1037 1943 1123 2028 priori

179 2031 319 2097 editione
341 2032 462 2097 factum
485 2035 562 2115 erat,
584 2031 669 2095 inter
692 2030 914 2132 cuiuscunque
923 2031 1123 2116 epigramma-

178 2120 222 2184 tis
248 2122 344 2185 finem
372 2125 405 2185 et
432 2120 655 2186 declarationis
681 2119 877 2210 principium
903 2119 1011 2184 inanis
1040 2120 1124 2205 spatii

180 2209 414 2291 aliquantulum
441 2209 587 2273 relictum
620 2210 712 2273 esset.
689 2206 843 2273 tNam
870 2209 911 2274 ad
939 2210 1123 2274 concinnita-

180 2300 245 2360 tem
260 2301 293 2361 et
307 2297 500 2381 elegantiam
522 2298 605 2362 mult
590 2301 669 2381 tum,
692 2295 733 2362 ad
746 2297 822 2361 libri
843 2298 963 2362 molem
987 2303 1043 2363 aut
1054 2297 1126 2363 nihil

181 2389 238 2448 aut
268 2386 478 2470 perpusillum
510 2386 662 2471 quiddam
694 2386 889 2451 accessisset.
866 2384 1002 2451 tSed
1034 2408 1126 2470 neque

166 2473 260 2538 haec
282 2473 374 2538 valde
397 2475 576 2560 displicent.
610 2473 755 2550 Quatuor
777 2474 857 2540 lolia
879 2495 953 2539 eum
975 2475 1063 2542 hisce
1083 2476 1126 2538 lit-

180 2563 259 2626 teris
282 2563 432 2647 accipies:
456 2568 614 2649 quantum
637 2566 745 2628 autern
762 2563 955 2648 impressum
969 2569 1027 2650 eet,
1042 2585 1127 2650 quem

181 2650 321 2734 primum
344 2651 385 2716 ad
407 2673 458 2716 me
480 2653 591 2718 mittes
614 2653 718 2717 velim.
754 2651 837 2718 Vale
860 2657 894 2718 et
916 2655 1004 2720 salve
1025 2676 1046 2720 a
1067 2651 1126 2718 Mo-

182 2740 271 2807 linio.
305 2740 449 2807 Patauio.

579 2881 740 2896 *n-

536 3033 538 3038 '
632 3024 689 3091 XI.

501 3145 619 3202 EIDEM
641 3145 820 3202 MANUTIO.

252 3273 331 3336 Heri
354 3272 394 3336 ad
416 3277 449 3336 te
473 3275 680 3359 scripsissem,
703 3275 759 3339 sed
780 3271 869 3340 volui
875 3273 1074 3376 gratificari·
1077 3271 1127 3336 La-

187 3383 259 3424 zaro
281 3360 461 3443 Moccnico,
485 3361 680 3426 adolescenti
707 3363 881 3447 optimo,
872 3362 1127 3448 ingeniosissimo,

188 3447 431 3530 studiosissimo,
455 3449 540 3532 quod
562 3450 686 3532 etipse
708 3450 860 3516 incensus
875 3455 945 3515 erat
967 3451 1127 3546 cupiditate

187 3535 402 3622 cognoscendi
424 3535 481 3618 tui,
504 3540 536 3598 et
549 3557 622 3600 eum
636 3557 696 3622 ego
712 3539 880 3622 cupiebam
894 3560 914 3602 a
931 3544 964 3604 te
982 3557 1128 3622 cognoro,
