2330 3944
183 217 248 281 130
545 213 680 269 ORATIO
699 213 774 267 Xlll.

182 362 336 446 quoniam
362 360 443 425 haeo
470 361 616 424 nondum
648 359 689 422 ab
718 357 834 422 aetatis
862 361 994 422 nostrae
1023 378 1129 422 memo·

181 452 231 515 ria
257 453 382 514 remota
414 451 503 512 sunt:
531 451 589 512 aut
616 449 700 510 certe
729 446 885 529 dicemus,
916 445 1063 510 nondum
1091 446 1130 509 hi·

184 539 300 604 storias
333 559 415 620 esse,
445 538 524 600 tune
556 536 685 600 demum
711 534 794 619 fore,
827 555 913 618 eum,
947 535 1003 618 qui
1032 555 1129 597 earum

182 649 290 691 rernm
317 625 510 710 meminerit,
542 645 637 688 nemo
653 671 655 674 -
671 623 809 708 amplius
841 622 1027 706 reperietur.
1072 621 1132 696 Quo

182 715 279 780 modo
311 715 379 799 fiet,
414 718 453 779 ut
482 713 552 798 ipse
584 711 713 796 quidem
743 711 840 776 hodie
872 710 1044 776 historiam
1075 732 1132 773 non

184 803 316 887 soribat,
353 803 408 886 qui
439 805 548 872 autern
580 801 698 865 abhinc
730 802 861 864 eentum
892 799 986 862 annis
1023 799 1135 882 scripta

184 893 252 956 eius
279 893 402 976 legent,
432 890 602 954 historiam
633 891 754 974 legant.
794 885 908 970 Neque
937 887 1134 970 Thucydides

183 981 246 1044 hae
272 980 398 1043 ratione
425 978 595 1042 historiam
622 976 800 1061 scripserit3
827 997 932 1059 neque
959 974 1134 1058 Xenophon

184 1069 220 1132 in
242 1068 332 1132 libris
356 1066 533 1132 anabaseos
557 1068 614 1130 aut
635 1067 671 1130 in
692 1061 1136 1146 111111111111111[1111111111111>

184 1177 289 1239 neque
314 1153 498 1239 Sallustius,
526 1176 599 1219 oum
622 1153 878 1218 coniurationem
901 1149 1062 1216 ,Catilinae
1086 1155 1134 1214 aut

185 1266 259 1308 oum
281 1244 402 1309 bellum
423 1242 653 1328 Iugurthinum
676 1242 838 1306 scriberet.
875 1239 985 1305 Livius
1016 1262 1135 1323 quoqne

187 1354 284 1416 quarn
315 1332 370 1395 diu
401 1335 528 1396 vetusta
562 1337 748 1415 persecutus
781 1333 839 1413 est,
871 1329 1042 1394 historiam
1071 1328 1136 1392 seri-

186 1422 289 1506 psisse
327 1420 462 1504 dicatum
498 1423 533 1484 at
567 1419 739 1504 postremis
772 1417 878 1501 libri,
910 1417 1028 1501 quibus
1061 1438 1136 1480 oom-

186 1511 299 1594 plexus
328 1512 397 1572 erat
423 1530 475 1572 res
504 1509 570 1573 suis
597 1506 797 1591 temporibus
826 1508 948 1590 gestas,
975 1504 1137 1570 historiam

187 1598 336 1661 videlieet
364 1597 502 1660 desierat
530 1596 676 1660 seribere.
719 1593 781 1658 Sed
808 1595 884 1658 nolo
908 1594 1055 1678 pluribus
1079 1615 1138 1656 uer·

187 1685 239 1748 bis
262 1685 424 1768 exagitare
446 1688 515 1748 tam
541 1685 667 1748 fatuam
690 1682 923 1766 definitionem
947 1703 988 1745 ne
1010 1683 1138 1745 mentio-

187 1793 264 1836 nem
300 1771 428 1855 quidem
464 1771 554 1836 illius·
586 1771 686 1835 ullam
721 1771 884 1855 fecissem,
910 1771 984 1834 ‘nisi
1024 1771 1139 1850 11111111,

189 1883 261 1924 eam
289 1861 386 1924 etiam
411 1860 508 1925 hodie
537 1859 721 1924 defensores
748 1859 877 1923 habere.
917 1857 1031 1944 Longe
1056 1859 1139 1922 ahter

191 1949 375 2014 sentiebant
415 1949 545 2032 quidam
587 1947 663 2012 olim
705 1947 822 2012 eruditi
863 1947 1026 2031 homines,
1068 1968 1141 2030 quos

190 2038 324 2102 Verrius
353 2037 487 2102 Flaccus
519 2036 619 2101 refert
644 2039 790 2120 putasse,
821 2035 991 2100 historiam
1017 2035 1141 2118 proprie

192 2127 255 2190 diei
276 2127 495 2190 narrationem
518 2147 628 2190 earum
649 2147 770 2208 rerum,
799 2125 915 2206 quibus
938 2123 1090 2210 gerendis
1111 2123 1143 2205 ia,

192 2215 247 2296 qui
271 2235 324 2278 eas
347 2217 507 2296 narraret,
530 2209 777 2298 interfuisset*).
805 2211 892 2288 Quos
917 2213 1062 2296 quamuis
1083 2233 1144 2276 nou

193 2323 321 2384 sequor,
350 2337 391 2347 -
423 2323 526 2384 neque
559 2303 645 2365 enim
676 2301 829 2385 pauciora
861 2304 918 2364 aut
948 2301 1070 2365 leviora
1103 2301 1145 2362 iu·

193 2388 361 2454 commoda
391 2389 476 2453 hano
512 2412 608 2472 quam
638 2390 728 2453 illam
760 2389 979 2454 definitionem
1012 2410 1145 2472 sequun-

191 2481 258 2561 tur,
282 2514 324 2524 —
347 2478 597 2542 tolerabiliorem
618 2481 728 2542 tamen
754 2477 883 2543 illorum
912 2497 1053 2540 errorem
1081 2497 1147 2540 esse

193 2566 341 2630 arbitror.

261 2654 427 2729 Quomodo
456 2656 556 2740 igitur
583 2656 753 2721 historiam
781 2653 990 2720 definiemus?
1026 2652 1149 2718 Iniuste

194 2743 281 2807 enim
307 2744 514 2828 reprehendit
536 2745 654 2828 aliena,
683 2745 737 2828 qui
764 2745 897 2808 meliora
923 2763 991 2807 non
1017 2742 1150 2826 profert.

193 2831 358 2897 Historiae
393 2844 526 2916 nomen,
563 2832 740 2916 auditores,
776 2854 844 2897 non
879 2835 1008 2895 tantum
1043 2851 1150 2894 rerum

194 2922 371 3007 gestarum,
401 2921 457 2986 sed
486 2921 701 3004 quarumlibet
727 2942 834 2984 rerum
856 2920 1077 2984 narrationem
1102 2940 1151 2982 ex-

193 3011 453 3095 positionemque
477 3010 646 3095 signifioat.
684 3007 735 3074 sie
755 3007 948 3074 Aristoteles
968 3030 1023 3073 eos
1041 3009 1153 3088 libros,

196 3099 311 3181 quibus
347 3099 479 3184 ingenia
511 3102 543 3164 et
574 3102 707 3163 naturas
740 3097 928 3162 animalium
964 3101 1153 3181 persecutns

196 3190 259 3270 est,
281 3189 408 3253 vocavit
430 3188 599 3253 historiam
619 3186 819 3270 animalium3
844 3187 888 3252 111
908 3185 1155 3270 Theophrastus

194 3273 366 3340 historiam
394 3277 554 3361 stirpium,
587 3277 632 3342 sio
668 3276 804 3359 denique
834 3273 867 3340 O.
894 3274 1019 3339 Plinius
1051 3274 1155 3338 libros

196 3385 275 3430 suos
304 3365 460 3428 naturalis
496 3365 651 3430 historiae
683 3364 856 3450 inscripsit.
902 3362 1024 3439 Quibus
1062 3362 1158 3426 libris

250 3557 275 3628 1)
295 3556 364 3612 een.
385 3557 419 3612 n.
438 3557 469 3612 n.
490 3557 522 3612 v.
543 3564 584 3612 18.
