2368 3956
377 229 496 284 CAPUT
515 229 612 284 LVIII.
910 229 972 292 197

22 372 194 457 offendunt,
220 378 259 438 ut
285 374 393 438 omnia
419 375 455 438 in
480 378 650 440 numeratu
677 374 811 461 habent,
839 378 877 439 ut
903 378 975 439 tota

22 483 124 526 eorum
153 461 221 526 sine
248 461 315 526 ullo
346 462 577 546 impedimento
609 485 646 528 ac
674 463 807 528 salebris
835 462 975 527 decurrit

22 551 130 614 oratio!
167 547 214 616 At
235 550 339 616 nostri
361 551 523 634 homines,
546 552 646 618 etiarn
666 552 702 636 ii,
726 553 783 637 qui
796 552 857 617 sibi
876 573 893 616 e
909 554 973 615 stu·

21 639 139 702 diorum
170 639 334 704 laboribus
365 640 522 723 pallorem
554 643 588 703 et
617 640 754 706 maciem
785 644 818 705 et
849 641 975 706 senium

21 731 254 812 contraxerunt,
282 729 310 792 si
337 727 466 813 quando
487 727 603 792 Latine
629 728 824 813 loquendum
851 733 913 812 est,
938 732 977 792 ut

21 815 190 900 luctantur,
203 819 244 880 ut
253 816 386 900 sudant,
403 821 440 882 ut
453 816 621 882 anhelanti
650 815 769 883 Credas
787 837 841 882 cos
855 837 975 900 magna

22 904 47 966 vi
61 925 99 967 ex
112 904 189 968 imis
202 905 410 988 pulmonibus
423 905 522 970 verba
535 925 657 970 eruere:
681 927 754 970 cum
776 905 848 970 istis
862 909 975 969 contr-a

22 993 83 1056 sine
97 993 164 1058 ulla
185 1014 262 1058 eura
275 1014 312 1058 ac
333 994 527 1079 cogitatione
541 995 626 1080 iugis
650 993 807 1079 quaedam
830 1014 867 1058 ac
880 993 977 1058 beata

20 1080 204 1146 Latinarum
235 1103 349 1148 vocum
381 1083 475 1168 copia
505 1083 591 1148 ultro
624 1104 663 1147 ex
691 1104 745 1148 ore
776 1103 908 1148 manare
938 1103 976 1145 ac

22 1170 181 1234 decurrere
204 1163 357 1236 videatur.
402 1169 464 1236 Est
485 1171 569 1236 istuc
592 1171 734 1258 quidem,
755 1169 903 1258 iuquam,
929 1169 977 1234 ita

23 1262 53 1320 ut
75 1257 168 1343 dieis,
181 1257 275 1323 Dari:
300 1257 355 1324 sed
377 1263 488 1324 tamen
510 1259 609 1325 habet
632 1263 664 1325 et
677 1257 773 1326 Italia
794 1258 976 1344 praeclaros

23 1348 113 1430 viros,
137 1347 254 1432 quique
270 1351 303 1411 et
316 1347 519 1414 ornatissime
534 1345 690 1432 scribant,
713 1352 745 1413 et
767 1346 976 1412 disertissime

23 1456 53 1498 ac
76 1435 310 1518 copiosissime,
336 1457 409 1503 cum
437 1458 518 1521 opus
547 1440 609 1519 est,
636 1437 817 1521 loquantur.
861 1434 976 1500 Manu·

24 1525 111 1608 tium,
134 1524 253 1609 inquit,
275 1525 415 1591 fortasse
438 1525 527 1610 dicis,
550 1529 582 1590 et
596 1523 773 1610 Sigerum,
796 1528 829 1589 et
843 1521 977 1588 Petrum

24 1611 173 1678 loannem
200 1611 380 1698 Maffeium,
407 1618 464 1678 aut
493 1635 532 1678 ex
558 1613 670 1678 eadem
697 1613 868 1679 sodalitate
894 1633 977 1696 eum,

25 1701 107 1765 euius
131 1701 241 1766 audita
254 1706 358 1766 morte
371 1703 511 1767 ubertim
525 1703 586 1766 tibi
607 1723 711 1786 nuper
732 1703 890 1787 lacrymas
912 1701 976 1765 isse

25 1789 163 1874 memini,
186 1787 426 1874 Perpinianum‚
449 1795 482 1856 et
504 1791 532 1855 si
555 1813 636 1875 quos
657 1792 740 1856 tales
753 1792 806 1856 vix
831 1789 976 1874 singulos

26 1877 164 1962 singulae
187 1883 309 1944 aetates
332 1879 448 1945 ferunt.
493 1877 539 1944 llt
559 1881 654 1964 istos,
676 1880 818 1964 inquam,
841 1878 977 1961 stadios,

27 1988 217 2051 quamquam
242 1968 269 2034 is
294 1968 434 2054 quidem,
464 1989 559 2054 quern
580 1972 618 2032 tu
639 1971 803 2052 postremo
825 1967 897 2032 loco
920 1987 976 2030 no-

27 2055 162 2138 minasti,
189 2055 368 2141 Hispanus,
395 2079 463 2122 non
484 2053 587 2122 Italus
609 2057 686 2121 fuit:
715 2056 773 2120 sed
796 2056 844 2120 ita
866 2054 921 2120 diu
942 2055 978 2117 in

26 2139 113 2207 ltalia
135 2143 253 2229 fuerat,
275 2148 312 2209 ut
333 2167 395 2230 pro
416 2145 500 2212 Italo
523 2145 635 2210 haberi
656 2147 775 2229 posset.
821 2142 924 2219 Quem
941 2145 978 2206 tu

27 2231 136 2316 virum,
158 2231 252 2316 Dari,
273 2234 399 2298 utinam
413 2233 522 2298 audire
544 2233 725 2318 potuisses»
740 2251 844 2316 neque
857 2235 899 2314 te,
913 2251 977 2314 quo

27 2323 162 2403 tempore
185 2321 240 2386 ille
262 2322 297 2386 in
319 2322 381 2387 hac
402 2321 483 2386 urbe
497 2322 699 2406 eloquentiae
721 2323 892 2405 praecepta
912 2323 977 2382 tra—

28 2407 129 2493 debat,
151 2409 215 2474 alio
237 2411 323 2474 vitae
350 2429 467 2495 genere
488 2409 689 2494 implicatum
712 2410 786 2474 aula
807 2408 978 2473 tenuisset:

27 2517 185 2581 nunquam
218 2499 305 2562 enim
336 2519 530 2584 quemquam·
558 2498 701 2582 audiisti,
733 2517 770 2563 ac
796 2517 838 2562 ne
868 2496 978 2561 audies

28 2585 158 2670 quidem,
180 2591 217 2650 ut
240 2588 368 2672 opinor,
390 2588 426 2651 in
449 2609 544 2672 quem
566 2587 646 2653 illud
674 2587 713 2652 de
735 2584 874 2652 Nestore
897 2586 978 2650 eclo-

29 2673 110 2753 giom
132 2675 247 2739 melios
271 2676 470 2740 conveniret:
497 2675 595 2742 &aas
616 2696 653 2742 cu
674 2695 725 2740 ore
746 2675 834 2739 nude
860 2673 979 2738 dulcior

28 2760 135 2838 fluctu
157 2762 299 2850 osuin).
349 2762 412 2830 sec
440 2763 518 2849 quid
539 2769 600 2844 est,
611 2763 697 2848 quod
720 2767 769 2846 tu,
796 2761 978 2846 colloquen-

28 2849 108 2915 tibus
129 2853 239 2936 nobis,
261 2853 314 2916 bie
334 2856 424 2918 terve
451 2857 533 2917 nutu
551 2853 631 2917 mihi
648 2852 758 2916 nescio
781 2849 858 2934 quid
881 2849 979 2933 signi-

28 2936 116 3002 ficare
136 2940 226 3004 visus
249 2941 306 3006 es?
341 2939 478 3027 Egone?
507 2942 627 3026 inquit:
654 2938 813 3006 Dolebam
836 2937 980 3004 excidere

29 3025 181 3093 interdum
213 3029 377 3114 grandiori
408 3030 469 3112 illi,
506 3031 561 3114 qui
592 3033 699 3095 tecum
730 3027 980 3112 colloquebatur,

30 3134 119 3180 voees
137 3117 295 3202 quasdem
307 3118 415 3182 minus
429 3117 576 3204 Latinas,
598 3117 715 3204 quibus
729 3117 784 3182 ille
805 3118 980 3200 perpetuus

31 3203 146 3269 subitae
169 3207 326 3272 orationis
348 3206 435 3271 nitor
449 3207 542 3292 quasi
559 3205 693 3272 maculis
717 3203 910 3291 quibusdam
932 3204 981 3268 in-

29 3289 208 3358 fuscaretur.
254 3294 341 3370 Quas
356 3295 498 3380 quaeso?
519 3295 666 3380 inquam:
689 3315 767 3359 nam
781 3314 832 3359 me
852 3291 981 3378 quidem
1087 3357 1090 3366 Α

30 3377 87 3444 alia
108 3383 305 3467 cogitantem
327 3383 613 3467 praetervolarunt
662 3379 782 3462 Coelos,
808 3381 927 3466 inquit,
953 3383 982 3443 ct

96 3573 116 3641 ¹)
133 3572 190 3630 Cic.
209 3573 245 3630 de
262 3577 364 3631 senect.
384 3593 407 3631 c.
429 3581 471 3631 10.
490 3574 524 3630 cf.
542 3574 624 3630 Hom.
643 3574 675 3630 11.
694 3573 716 3628 1.
736 3579 798 3628 249.
