2330 3944
195 236 259 300 142
557 231 692 288 ORATIO
711 231 785 288 xlv.

194 381 272 445 dent
294 383 327 444 et
348 380 474 463 pictura
497 381 530 442 et
553 377 642 442 omni
660 376 798 462 denique
815 375 1005 440 imitatione.
1034 371 1127 438 Omnis

194 473 302 534 autem
328 467 466 531 imitatio
496 465 595 530 videri
622 465 693 530 vult
719 465 766 547 id,
794 463 880 547 quod
906 484 975 528 non
1002 466 1059 545 est,
1081 463 1128 525 ita-

195 579 255 641 que
284 556 423 640 quodam
451 575 568 640 genere
595 552 798 618 mendacium
831 555 888 616 est.
927 549 1040 634 Neque
1067 571 1126 613 uero

193 644 476 710 tantumlibenter
490 641 685 707 caridemus
705 661 855 724 expressa
874 639 1048 722 coloribus,
1065 660 1128 720 quac

194 755 271 798 vera
301 733 474 816 delectant,
500 733 537 795 ut
563 751 731 795 nemorum
757 732 988 812 pratorumque
1010 726 1128 791 viridita-

196 826 275 906 tem,
304 822 452 886 tellurem
479 817 649 903 multiplici
675 818 838 882 variorum
866 815 984 881 florum
1009 814 1129 900 tegmine

197 913 379 994 opacatam',
408 908 523 972 eximia
554 927 670 991 pueros
702 905 914 988 mulieresque
945 903 1062 985 forma3
1089 901 1129 965 sed

197 1019 234 1062 ea
262 998 372 1080 etiam,
404 1017 484 1079 quae
513 1015 588 1059 vera
619 993 726 1058 videre
758 993 931 1076 nollemus,
964 991 1130 1054 mirabiliter

196 1107 256 1150 nos
288 1085 375 1168 picta
402 1084 574 1148 delectant:
610 1081 766 1147 Hercules
797 1081 916 1146 liberos
947 1079 1131 1159 interficiens,

196 1173 380 1256 discerpens
411 1169 591 1236 Pentheum
627 1174 744 1255 mater,
779 1173 852 1234 rota
888 1169 1021 1234 volutus
1050 1166 1131 1248 ixion,

195 1261 284 1326 iecur
320 1261 440 1326 vulturi
475 1260 633 1344 praebens
664 1258 876 1324 Prometheus
913 1262 1078 1340 ceteraque
1103 1255 1131 1317 de

196 1353 365 1434 petitarum
409 1349 583 1413 mendaciis
628 1348 789 1432 pictorum
834 1347 926 1430 quasi
973 1347 1132 1431 propagata

181 1439 372 1503 mendacia.
418 1437 501 1514 Quid
533 1437 711 1520 eluviones,
746 1434 909 1518 incendia,
941 1435 1065 1517 ruinas,
1092 1432 1131 1494 do-

196 1549 324 1592 morum
349 1527 539 1609 urbiumque
567 1525 762 1610 direptiones
794 1521 931 1606 loquar?
966 1545 1047 1607 quae
1075 1541 1133 1584 1111

198 1615 269 1678 sani
292 1635 402 1678 omnes
425 1613 606 1698 refugiunt,
633 1614 721 1698 picta
743 1633 868 1677 summa
891 1631 967 1688 cum
990 1611 1132 1693 voluptate

196 1701 372 1765 intuentur.
412 1701 462 1764 Ac
489 1701 640 1764 admirari
667 1701 795 1784 quidem
827 1700 983 1786 solemus,
1016 1700 1043 1764 si
1072 1717 1133 1780 quos

196 1789 362 1854 videamus
398 1789 499 1853 nihilo
531 1789 685 1853 maiorem
717 1810 734 1852 e
766 1789 850 1852 fictis
887 1811 987 1872 quam
1024 1809 1053 1852 e.
1068 1785 1133 1850 veris

158 1889 161 1894 '
197 1877 398 1961 uoluptatem
420 1877 595 1961 percipere,
623 1897 741 1960 eosque
763 1877 859 1941 rudes
883 1897 952 1941 esse
978 1880 1071 1960 atque
1090 1874 1133 1936 im-

197 1967 316 2050 politos
349 1966 535 2031 iudicamus.
576 1961 762 2030 Cuiusmodi
789 1965 842 2030 ille
873 1963 960 2030 Laco
993 1965 1067 2048 fuit,
1094 1961 1134 2044 qui

198 2056 311 2120 ceteris
333 2055 479 2120 tabulam
502 2053 663 2138 quandam
681 2053 792 2140 magni
809 2053 1021 2138 facientibus,
1037 2053 1071 2117 in
1087 2070 1135 2132 qua

197 2143 303 2227 pictus
327 2147 396 2206 erat
413 2143 605 2227 praepingui
622 2143 761 2207 rusticus
786 2163 919 2225 corpore
942 2143 986 2206 ad
1009 2139 1134 2206 umbram

199 2230 322 2294 arboris
346 2233 465 2293 stratus
488 2251 703 2314 magnacum
729 2230 965 2316 significatione
989 2225 1136 2314 languoris

199 2339 236 2381 ac
264 2316 417 2401 desidiae,
443 2318 575 2402 negavit
602 2339 673 2382 eam
696 2319 757 2383 sibi
779 2319 919 2402 placere,
947 2318 1036 2402 quod
1057 2316 1136 2381 talen

197 2405 362 2470 hominem
380 2427 421 2470 ne
439 2406 548 2471 vivum
567 2407 695 2490 quidem
712 2406 898 2471 insedibus
916 2405 1038 2470 habere
1050 2403 1136 2470 vellet.

197 2493 243 2558 Et
260 2491 510 2580 Anacharsis*),
534 2495 589 2579 qui
608 2495 764 2559 invitatus
783 2495 825 2560 ad
843 2494 1040 2560 audiendum
1058 2497 1137 2576 quen·

199 2582 287 2666 dam,
329 2583 384 2665 qui
422 2582 555 2648 mirifice
594 2583 749 2648 lusciniae
790 2585 922 2649 cantum
957 2582 1138 2658 imitabatru,

200 2674 390 2755 aspernatus
418 2674 480 2754 est,
512 2691 603 2736 veras
632 2671 693 2736 sibi
723 2671 876 2736 luscinios
904 2691 1001 2756 saepe
1029 2669 1138 2736 auditas

199 2781 268 2824 esse
300 2759 418 2824 dicens.
463 2757 510 2824 At
547 2759 617 2843 quis
653 2762 801 2824 nostrum
831 2781 900 2826 non
933 2761 1016 2825 talia
1048 2755 1139 2824 omnia

198 2847 299 2933 pluris
322 2847 421 2912 faciat
442 2847 582 2932 imitata,
605 2869 702 2932 quam
719 2847 818 2914 uera?
846 2847 933 2925 Quae
951 2853 1060 2914 autem
1077 2863 1140 2909 uera

199 2958 296 3002 vacca
318 2939 487 3020 tantopere
509 2957 653 3020 unquam
680 2937 841 3002 celebrata
867 2940 929 3021 est,
956 2939 1140 3021 quantopere

198 3047 296 3090 vacca
327 3023 496 3109 Myronis?
541 3023 707 3109 Numquid
737 3025 838 3110 igitur
873 3025 1039 3090 hominem
1069 3022 1139 3085 falso

200 3114 339 3196 gaudere
372 3112 535 3179 dicemus?
574 3111 678 3179 Immo
710 3134 786 3179 vcro
818 3116 953 3178 naturae
986 3111 1140 3178 hominum

200 3200 302 3264 amica
333 3223 435 3284 paene
466 3203 584 3268 veritas
617 3206 679 3284 est,
718 3222 822 3285 neque
846 3200 945 3266 'aliud
981 3201 1140 3285 quidquam

199 3287 366 3353 mendacio
395 3291 532 3374 gratiam
560 3285 724 3376 conciliat,
751 3311 848 3375 quam
874 3290 1011 3354 imitatio
1039 3287 1140 3354 verita-

255 3428 280 3495 *)
305 3427 490 3484 Anacharsidi
514 3445 550 3484 an
574 3431 683 3484 veteres
705 3429 759 3485 hoc
783 3428 890 3484 dictum
913 3427 1073 3493 tribuerint,
1095 3437 1142 3476 n011

200 3500 283 3555 Vassstl
307 3513 446 3565 quaerere.
483 3499 615 3571 Agesilao
639 3500 741 3556 tribuit
758 3499 927 3556 Plutarchus
946 3496 1140 3570 Apophthegm

198 3587 227 3640 p.
248 3575 306 3624 191.
325 3567 355 3621 B.
392 3568 502 3624 Ruhnk.
537 3590 539 3595 ·
