<?xml version="1.0" encoding="UTF-8"?>
<!DOCTYPE html PUBLIC "-//W3C//DTD XHTML 1.0 Transitional//EN"
    "http://www.w3.org/TR/xhtml1/DTD/xhtml1-transitional.dtd">
<html xmlns="http://www.w3.org/1999/xhtml" xml:lang="en" lang="en">
 <head>
  <title>
</title>
<meta http-equiv="Content-Type" content="text/html;charset=utf-8" />
  <meta name='ocr-system' content='tesseract 3.04.00' />
  <meta name='ocr-capabilities' content='ocr_page ocr_carea ocr_par ocr_line ocrx_word'/>
</head>
<body>
  <div class='ocr_page' id='page_1' title='image "./mantoniimuretis00freygoog_0019.png"; bbox 0 0 2360 3944; ppageno 0'>
   <div class='ocr_carea' id='block_1_1' title="bbox 140 196 708 265">
    <p class='ocr_par' dir='ltr' id='par_1_1' title="bbox 140 196 708 265">
     <span class='ocr_line' id='line_1_1' title="bbox 140 196 708 265; baseline -0.011 -9"><span class='ocrx_word' id='word_1_1' title='bbox 140 205 160 265; x_wconf 84' lang='grc'><strong>6</strong></span> <span class='ocrx_word' id='word_1_2' title='bbox 532 196 668 253; x_wconf 85' lang='lat' dir='ltr'><strong>ORATIO</strong></span> <span class='ocrx_word' id='word_1_3' title='bbox 688 197 708 250; x_wconf 93' lang='lat' dir='ltr'>I.</span> 
     </span>
    </p>
   </div>
   <div class='ocr_carea' id='block_1_2' title="bbox 140 343 1102 956">
    <p class='ocr_par' dir='ltr' id='par_1_2' title="bbox 140 343 1102 956">
     <span class='ocr_line' id='line_1_2' title="bbox 140 343 1100 430; baseline -0.011 -18"><span class='ocrx_word' id='word_1_4' title='bbox 140 349 305 430; x_wconf 90' lang='lat' dir='ltr'>voluptate</span> <span class='ocrx_word' id='word_1_5' title='bbox 333 345 557 429; x_wconf 87' lang='lat' dir='ltr'>perfruebatur</span> <span class='ocrx_word' id='word_1_6' title='bbox 585 345 624 406; x_wconf 89' lang='lat' dir='ltr'>ut</span> <span class='ocrx_word' id='word_1_7' title='bbox 650 363 723 405; x_wconf 91' lang='lat' dir='ltr'>eum</span> <span class='ocrx_word' id='word_1_8' title='bbox 755 343 911 422; x_wconf 80' lang='lat' dir='ltr'>tanquam</span> <span class='ocrx_word' id='word_1_9' title='bbox 943 343 1034 402; x_wconf 80' lang='lat' dir='ltr'>extra</span> <span class='ocrx_word' id='word_1_10' title='bbox 1062 361 1100 402; x_wconf 90' lang='lat' dir='ltr'>se</span> 
     </span>
     <span class='ocr_line' id='line_1_3' title="bbox 140 426 1101 520; baseline -0.011 -20"><span class='ocrx_word' id='word_1_11' title='bbox 140 436 281 520; x_wconf 88' lang='lat' dir='ltr'>positum</span> <span class='ocrx_word' id='word_1_12' title='bbox 309 434 371 498; x_wconf 90' lang='lat' dir='ltr'>cibi</span> <span class='ocrx_word' id='word_1_13' title='bbox 403 432 608 516; x_wconf 80' lang='lat' dir='ltr'>potionisque</span> <span class='ocrx_word' id='word_1_14' title='bbox 636 432 765 512; x_wconf 86' lang='lat' dir='ltr'>caperet</span> <span class='ocrx_word' id='word_1_15' title='bbox 792 428 920 492; x_wconf 88' lang='lat' dir='ltr'>oblivio.</span> <span class='ocrx_word' id='word_1_16' title='bbox 956 426 1101 491; x_wconf 89' lang='lat' dir='ltr'>Prodeat</span> 
     </span>
     <span class='ocr_line' id='line_1_4' title="bbox 142 517 1101 600; baseline -0.008 -14"><span class='ocrx_word' id='word_1_17' title='bbox 142 522 380 587; x_wconf 88' lang='lat' dir='ltr'>sollertissimus</span> <span class='ocrx_word' id='word_1_18' title='bbox 394 522 447 584; x_wconf 94' lang='lat' dir='ltr'>ille</span> <span class='ocrx_word' id='word_1_19' title='bbox 462 519 648 584; x_wconf 86' lang='lat' dir='ltr'>coelestium</span> <span class='ocrx_word' id='word_1_20' title='bbox 662 517 789 582; x_wconf 90' lang='lat' dir='ltr'>orbium</span> <span class='ocrx_word' id='word_1_21' title='bbox 797 535 865 580; x_wconf 91' lang='lat' dir='ltr'>non</span> <span class='ocrx_word' id='word_1_22' title='bbox 878 518 1101 600; x_wconf 83' lang='lat' dir='ltr'>perscrutator</span> 
     </span>
     <span class='ocr_line' id='line_1_5' title="bbox 142 602 1101 692; baseline -0.008 -18"><span class='ocrx_word' id='word_1_23' title='bbox 142 613 282 692; x_wconf 88' lang='lat' dir='ltr'>tantum,</span> <span class='ocrx_word' id='word_1_24' title='bbox 296 609 352 673; x_wconf 91' lang='lat' dir='ltr'>sed</span> <span class='ocrx_word' id='word_1_25' title='bbox 366 610 463 672; x_wconf 89' lang='lat' dir='ltr'>etiam</span> <span class='ocrx_word' id='word_1_26' title='bbox 477 607 630 688; x_wconf 73' lang='lat' dir='ltr'><strong>imitator,</strong></span> <span class='ocrx_word' id='word_1_27' title='bbox 644 603 864 688; x_wconf 80' lang='lat' dir='ltr'>Syracusanus</span> <span class='ocrx_word' id='word_1_28' title='bbox 878 602 1101 685; x_wconf 79' lang='lat' dir='ltr'>Archimedes,</span> 
     </span>
     <span class='ocr_line' id='line_1_6' title="bbox 143 691 1101 782; baseline -0.009 -20"><span class='ocrx_word' id='word_1_29' title='bbox 143 699 196 782; x_wconf 91' lang='lat' dir='ltr'>qui</span> <span class='ocrx_word' id='word_1_30' title='bbox 215 720 282 762; x_wconf 90' lang='lat' dir='ltr'>non</span> <span class='ocrx_word' id='word_1_31' title='bbox 301 697 396 761; x_wconf 90' lang='lat' dir='ltr'>modo</span> <span class='ocrx_word' id='word_1_32' title='bbox 416 717 526 760; x_wconf 90' lang='lat' dir='ltr'>earum</span> <span class='ocrx_word' id='word_1_33' title='bbox 543 715 662 777; x_wconf 86' lang='lat' dir='ltr'>rerum,</span> <span class='ocrx_word' id='word_1_34' title='bbox 686 715 765 776; x_wconf 89' lang='lat' dir='ltr'>quas</span> <span class='ocrx_word' id='word_1_35' title='bbox 786 693 904 756; x_wconf 89' lang='lat' dir='ltr'>natura</span> <span class='ocrx_word' id='word_1_36' title='bbox 920 691 997 775; x_wconf 86' lang='lat' dir='ltr'>fert,</span> <span class='ocrx_word' id='word_1_37' title='bbox 1019 712 1101 774; x_wconf 88' lang='lat' dir='ltr'>prae</span> 
     </span>
     <span class='ocr_line' id='line_1_7' title="bbox 142 781 1102 869; baseline -0.008 -19"><span class='ocrx_word' id='word_1_38' title='bbox 142 809 193 868; x_wconf 90' lang='lat' dir='ltr'>ea,</span> <span class='ocrx_word' id='word_1_39' title='bbox 213 808 309 869; x_wconf 87' lang='lat' dir='ltr'>quam</span> <span class='ocrx_word' id='word_1_40' title='bbox 324 785 471 868; x_wconf 85' lang='lat' dir='ltr'>capiebat</span> <span class='ocrx_word' id='word_1_41' title='bbox 485 805 501 846; x_wconf 91' lang='lat' dir='ltr'>e</span> <span class='ocrx_word' id='word_1_42' title='bbox 517 783 644 863; x_wconf 86' lang='lat' dir='ltr'>studiis,</span> <span class='ocrx_word' id='word_1_43' title='bbox 663 781 878 846; x_wconf 82' lang='lat' dir='ltr'>oblectatione</span> <span class='ocrx_word' id='word_1_44' title='bbox 894 801 1016 843; x_wconf 87' lang='lat' dir='ltr'>memor</span> <span class='ocrx_word' id='word_1_45' title='bbox 1029 800 1102 844; x_wconf 90' lang='lat' dir='ltr'>non</span> 
     </span>
     <span class='ocr_line' id='line_1_8' title="bbox 143 867 1102 956; baseline -0.008 -18"><span class='ocrx_word' id='word_1_46' title='bbox 143 879 227 940; x_wconf 88' lang='lat' dir='ltr'>erat.</span> <span class='ocrx_word' id='word_1_47' title='bbox 251 873 363 938; x_wconf 90' lang='lat' dir='ltr'>sedin</span> <span class='ocrx_word' id='word_1_48' title='bbox 386 873 442 936; x_wconf 91' lang='lat' dir='ltr'>illa</span> <span class='ocrx_word' id='word_1_49' title='bbox 464 872 535 956; x_wconf 88' lang='lat' dir='ltr'>ipsa</span> <span class='ocrx_word' id='word_1_50' title='bbox 559 869 779 953; x_wconf 75' lang='lat' dir='ltr'>Syracusanae</span> <span class='ocrx_word' id='word_1_51' title='bbox 801 869 890 933; x_wconf 90' lang='lat' dir='ltr'>urbis</span> <span class='ocrx_word' id='word_1_52' title='bbox 918 867 1102 952; x_wconf 77' lang='lat' dir='ltr'>direptione</span> 
     </span>
    </p>
   </div>
   <div class='ocr_carea' id='block_1_3' title="bbox 142 956 1179 3596">
    <p class='ocr_par' dir='ltr' id='par_1_3' title="bbox 142 956 1179 3596">
     <span class='ocr_line' id='line_1_9' title="bbox 142 956 1103 1042; baseline -0.008 -16"><span class='ocrx_word' id='word_1_53' title='bbox 142 964 189 1027; x_wconf 89' lang='lat' dir='ltr'>ita</span> <span class='ocrx_word' id='word_1_54' title='bbox 215 963 336 1026; x_wconf 88' lang='lat' dir='ltr'>defixus</span> <span class='ocrx_word' id='word_1_55' title='bbox 366 964 435 1024; x_wconf 89' lang='lat' dir='ltr'>erat</span> <span class='ocrx_word' id='word_1_56' title='bbox 461 960 496 1023; x_wconf 92' lang='lat' dir='ltr'>in</span> <span class='ocrx_word' id='word_1_57' title='bbox 524 959 645 1042; x_wconf 84' lang='lat' dir='ltr'>studi0,</span> <span class='ocrx_word' id='word_1_58' title='bbox 671 961 708 1021; x_wconf 89' lang='lat' dir='ltr'>ut</span> <span class='ocrx_word' id='word_1_59' title='bbox 735 958 824 1041; x_wconf 89' lang='lat' dir='ltr'>prius</span> <span class='ocrx_word' id='word_1_60' title='bbox 847 956 974 1021; x_wconf 89' lang='lat' dir='ltr'>hostilis</span> <span class='ocrx_word' id='word_1_61' title='bbox 998 956 1103 1040; x_wconf 81' lang='lat' dir='ltr'>gladii</span> 
     </span>
     <span class='ocr_line' id='line_1_10' title="bbox 143 1044 1104 1134; baseline -0.007 -20"><span class='ocrx_word' id='word_1_62' title='bbox 143 1051 306 1134; x_wconf 83' lang='lat' dir='ltr'>cuspidem</span> <span class='ocrx_word' id='word_1_63' title='bbox 320 1069 453 1132; x_wconf 80' lang='lat' dir='ltr'>corpore</span> <span class='ocrx_word' id='word_1_64' title='bbox 467 1047 641 1131; x_wconf 85' lang='lat' dir='ltr'>exceperit,</span> <span class='ocrx_word' id='word_1_65' title='bbox 664 1067 760 1129; x_wconf 90' lang='lat' dir='ltr'>quam</span> <span class='ocrx_word' id='word_1_66' title='bbox 780 1045 893 1109; x_wconf 91' lang='lat' dir='ltr'>urbem</span> <span class='ocrx_word' id='word_1_67' title='bbox 907 1045 942 1107; x_wconf 94' lang='lat' dir='ltr'>in</span> <span class='ocrx_word' id='word_1_68' title='bbox 955 1044 1104 1109; x_wconf 90' lang='lat' dir='ltr'>hostium</span> 
     </span>
     <span class='ocr_line' id='line_1_11' title="bbox 142 1132 1103 1221; baseline -0.007 -19"><span class='ocrx_word' id='word_1_69' title='bbox 142 1141 337 1221; x_wconf 87' lang='lat' dir='ltr'>potestatem</span> <span class='ocrx_word' id='word_1_70' title='bbox 358 1138 484 1201; x_wconf 86' lang='lat' dir='ltr'>venisse</span> <span class='ocrx_word' id='word_1_71' title='bbox 506 1135 648 1200; x_wconf 90' lang='lat' dir='ltr'>sentiret.</span> <span class='ocrx_word' id='word_1_72' title='bbox 685 1132 712 1198; x_wconf 90' lang='lat'>0</span> <span class='ocrx_word' id='word_1_73' title='bbox 731 1155 800 1197; x_wconf 92' lang='lat' dir='ltr'>rem</span> <span class='ocrx_word' id='word_1_74' title='bbox 822 1133 966 1197; x_wconf 90' lang='lat' dir='ltr'>omnium</span> <span class='ocrx_word' id='word_1_75' title='bbox 989 1151 1103 1196; x_wconf 90' lang='lat' dir='ltr'>saeou·</span> 
     </span>
     <span class='ocr_line' id='line_1_12' title="bbox 142 1220 1103 1308; baseline -0.005 -20"><span class='ocrx_word' id='word_1_76' title='bbox 142 1228 248 1290; x_wconf 91' lang='lat' dir='ltr'>lorum</span> <span class='ocrx_word' id='word_1_77' title='bbox 275 1225 486 1289; x_wconf 77' lang='lat' dir='ltr'>admiratione</span> <span class='ocrx_word' id='word_1_78' title='bbox 510 1223 745 1308; x_wconf 81' lang='lat' dir='ltr'>dignissimam!</span> <span class='ocrx_word' id='word_1_79' title='bbox 779 1220 999 1304; x_wconf 89' lang='lat' dir='ltr'>Diripiebatur</span> <span class='ocrx_word' id='word_1_80' title='bbox 1021 1221 1103 1283; x_wconf 85' lang='lat' dir='ltr'>urbs</span> 
     </span>
     <span class='ocr_line' id='line_1_13' title="bbox 144 1308 1104 1398; baseline -0.005 -20"><span class='ocrx_word' id='word_1_81' title='bbox 144 1335 182 1377; x_wconf 89' lang='lat' dir='ltr'>ea</span> <span class='ocrx_word' id='word_1_82' title='bbox 199 1317 390 1398; x_wconf 87' lang='lat' dir='ltr'>tempestate</span> <span class='ocrx_word' id='word_1_83' title='bbox 410 1313 553 1378; x_wconf 87' lang='lat' dir='ltr'>omnium</span> <span class='ocrx_word' id='word_1_84' title='bbox 572 1310 829 1395; x_wconf 83' lang='lat' dir='ltr'>opulentissima3</span> <span class='ocrx_word' id='word_1_85' title='bbox 848 1308 940 1372; x_wconf 82' lang='lat' dir='ltr'>effusi</span> <span class='ocrx_word' id='word_1_86' title='bbox 958 1330 1015 1393; x_wconf 91' lang='lat' dir='ltr'>per</span> <span class='ocrx_word' id='word_1_87' title='bbox 1029 1309 1104 1373; x_wconf 86' lang='lat' dir='ltr'>vias</span> 
     </span>
     <span class='ocr_line' id='line_1_14' title="bbox 143 1397 1104 1486; baseline -0.006 -20"><span class='ocrx_word' id='word_1_88' title='bbox 143 1403 274 1486; x_wconf 89' lang='lat' dir='ltr'>milites,</span> <span class='ocrx_word' id='word_1_89' title='bbox 297 1403 391 1466; x_wconf 90' lang='lat' dir='ltr'>utin</span> <span class='ocrx_word' id='word_1_90' title='bbox 413 1422 571 1485; x_wconf 91' lang='lat' dir='ltr'>quemque</span> <span class='ocrx_word' id='word_1_91' title='bbox 594 1397 788 1479; x_wconf 81' lang='lat' dir='ltr'>insiderant,</span> <span class='ocrx_word' id='word_1_92' title='bbox 811 1397 881 1461; x_wconf 90' lang='lat' dir='ltr'>sine</span> <span class='ocrx_word' id='word_1_93' title='bbox 903 1398 970 1461; x_wconf 92' lang='lat' dir='ltr'>ullo</span> <span class='ocrx_word' id='word_1_94' title='bbox 996 1419 1104 1479; x_wconf 87' lang='lat' dir='ltr'>sexus,</span> 
     </span>
     <span class='ocr_line' id='line_1_15' title="bbox 145 1485 1105 1573; baseline -0.006 -19"><span class='ocrx_word' id='word_1_95' title='bbox 145 1492 273 1573; x_wconf 85' lang='lat' dir='ltr'>aetatis,</span> <span class='ocrx_word' id='word_1_96' title='bbox 306 1491 426 1554; x_wconf 83' lang='lat' dir='ltr'>ordinis</span> <span class='ocrx_word' id='word_1_97' title='bbox 460 1488 642 1552; x_wconf 86' lang='lat' dir='ltr'>discrimine</span> <span class='ocrx_word' id='word_1_98' title='bbox 674 1486 786 1550; x_wconf 87' lang='lat' dir='ltr'>obvios</span> <span class='ocrx_word' id='word_1_99' title='bbox 818 1485 1105 1567; x_wconf 80' lang='lat' dir='ltr'>eontmeidabant3</span> 
     </span>
     <span class='ocr_line' id='line_1_16' title="bbox 144 1573 1106 1661; baseline -0.002 -21"><span class='ocrx_word' id='word_1_100' title='bbox 144 1578 285 1660; x_wconf 91' lang='lat' dir='ltr'>undique</span> <span class='ocrx_word' id='word_1_101' title='bbox 318 1579 498 1661; x_wconf 87' lang='lat' dir='ltr'>gladiorum</span> <span class='ocrx_word' id='word_1_102' title='bbox 533 1576 643 1660; x_wconf 82' lang='lat' dir='ltr'>fulgor</span> <span class='ocrx_word' id='word_1_103' title='bbox 679 1573 940 1658; x_wconf 74' lang='lat' dir='ltr'>praestringebat</span> <span class='ocrx_word' id='word_1_104' title='bbox 975 1574 1106 1655; x_wconf 81' lang='lat' dir='ltr'>oeulos3</span> 
     </span>
     <span class='ocr_line' id='line_1_17' title="bbox 146 1661 1106 1748; baseline -0.005 -19"><span class='ocrx_word' id='word_1_105' title='bbox 146 1667 285 1748; x_wconf 91' lang='lat' dir='ltr'>undique</span> <span class='ocrx_word' id='word_1_106' title='bbox 313 1687 475 1730; x_wconf 87' lang='lat' dir='ltr'>armorum</span> <span class='ocrx_word' id='word_1_107' title='bbox 503 1664 642 1745; x_wconf 84' lang='lat' dir='ltr'>sonitus,</span> <span class='ocrx_word' id='word_1_108' title='bbox 674 1662 816 1744; x_wconf 89' lang='lat' dir='ltr'>undique</span> <span class='ocrx_word' id='word_1_109' title='bbox 843 1661 1026 1725; x_wconf 85' lang='lat' dir='ltr'>cadentium</span> <span class='ocrx_word' id='word_1_110' title='bbox 1053 1664 1106 1724; x_wconf 91' lang='lat' dir='ltr'>te·</span> 
     </span>
     <span class='ocr_line' id='line_1_18' title="bbox 146 1749 1105 1838; baseline -0.004 -22"><span class='ocrx_word' id='word_1_111' title='bbox 146 1757 270 1817; x_wconf 87' lang='lat' dir='ltr'>otorum</span> <span class='ocrx_word' id='word_1_112' title='bbox 284 1753 395 1838; x_wconf 88' lang='lat' dir='ltr'>fragor</span> <span class='ocrx_word' id='word_1_113' title='bbox 414 1751 615 1832; x_wconf 83' lang='lat' dir='ltr'>audiebatur3</span> <span class='ocrx_word' id='word_1_114' title='bbox 633 1771 807 1834; x_wconf 89' lang='lat' dir='ltr'>puerorum</span> <span class='ocrx_word' id='word_1_115' title='bbox 825 1749 1011 1832; x_wconf 87' lang='lat' dir='ltr'>eiulatibus,</span> <span class='ocrx_word' id='word_1_116' title='bbox 1031 1770 1105 1812; x_wconf 93' lang='lat' dir='ltr'>mu·</span> 
     </span>
     <span class='ocr_line' id='line_1_19' title="bbox 145 1837 1105 1924; baseline -0.004 -20"><span class='ocrx_word' id='word_1_117' title='bbox 145 1842 259 1904; x_wconf 90' lang='lat' dir='ltr'>lierum</span> <span class='ocrx_word' id='word_1_118' title='bbox 272 1840 436 1922; x_wconf 84' lang='lat' dir='ltr'>lamentis,</span> <span class='ocrx_word' id='word_1_119' title='bbox 454 1839 661 1904; x_wconf 87' lang='lat' dir='ltr'>morientium</span> <span class='ocrx_word' id='word_1_120' title='bbox 680 1837 867 1924; x_wconf 85' lang='lat' dir='ltr'>gemitibus,</span> <span class='ocrx_word' id='word_1_121' title='bbox 885 1837 1022 1901; x_wconf 91' lang='lat' dir='ltr'>militum</span> <span class='ocrx_word' id='word_1_122' title='bbox 1037 1837 1105 1900; x_wconf 89' lang='lat' dir='ltr'>cla-</span> 
     </span>
     <span class='ocr_line' id='line_1_20' title="bbox 146 1925 1107 2012; baseline -0.004 -20"><span class='ocrx_word' id='word_1_123' title='bbox 146 1930 288 1993; x_wconf 87' lang='lat' dir='ltr'>moribus</span> <span class='ocrx_word' id='word_1_124' title='bbox 310 1929 437 2012; x_wconf 89' lang='lat' dir='ltr'>privata</span> <span class='ocrx_word' id='word_1_125' title='bbox 458 1927 650 2011; x_wconf 88' lang='lat' dir='ltr'>publieaque</span> <span class='ocrx_word' id='word_1_126' title='bbox 675 1927 783 1990; x_wconf 87' lang='lat' dir='ltr'>omnia</span> <span class='ocrx_word' id='word_1_127' title='bbox 805 1925 1107 2006; x_wconf 78' lang='lat' dir='ltr'>circumsonabant3</span> 
     </span>
     <span class='ocr_line' id='line_1_21' title="bbox 145 2013 1107 2100; baseline -0.003 -19"><span class='ocrx_word' id='word_1_128' title='bbox 145 2017 217 2100; x_wconf 90' lang='lat' dir='ltr'>ipsa</span> <span class='ocrx_word' id='word_1_129' title='bbox 244 2017 320 2080; x_wconf 90' lang='lat' dir='ltr'>urbs</span> <span class='ocrx_word' id='word_1_130' title='bbox 347 2037 450 2100; x_wconf 89' lang='lat' dir='ltr'>paene</span> <span class='ocrx_word' id='word_1_131' title='bbox 478 2015 600 2081; x_wconf 90' lang='lat' dir='ltr'>dimota</span> <span class='ocrx_word' id='word_1_132' title='bbox 631 2017 664 2079; x_wconf 91' lang='lat' dir='ltr'>et</span> <span class='ocrx_word' id='word_1_133' title='bbox 690 2014 844 2078; x_wconf 83' lang='lat' dir='ltr'>convulsa</span> <span class='ocrx_word' id='word_1_134' title='bbox 877 2013 1004 2078; x_wconf 89' lang='lat' dir='ltr'>sedibus</span> <span class='ocrx_word' id='word_1_135' title='bbox 1034 2015 1107 2078; x_wconf 88' lang='lat' dir='ltr'>suis</span> 
     </span>
     <span class='ocr_line' id='line_1_22' title="bbox 147 2102 1108 2186; baseline -0.004 -17"><span class='ocrx_word' id='word_1_136' title='bbox 147 2126 278 2169; x_wconf 88' lang='lat' dir='ltr'>suorum</span> <span class='ocrx_word' id='word_1_137' title='bbox 301 2105 418 2168; x_wconf 83' lang='lat' dir='ltr'>civium</span> <span class='ocrx_word' id='word_1_138' title='bbox 440 2105 475 2168; x_wconf 91' lang='lat' dir='ltr'>in</span> <span class='ocrx_word' id='word_1_139' title='bbox 498 2104 594 2167; x_wconf 83' lang='lat' dir='ltr'>caede</span> <span class='ocrx_word' id='word_1_140' title='bbox 617 2124 655 2166; x_wconf 86' lang='lat' dir='ltr'>ao</span> <span class='ocrx_word' id='word_1_141' title='bbox 678 2102 835 2186; x_wconf 83' lang='lat' dir='ltr'>sanguine</span> <span class='ocrx_word' id='word_1_142' title='bbox 856 2102 1003 2166; x_wconf 88' lang='lat' dir='ltr'>natabat:</span> <span class='ocrx_word' id='word_1_143' title='bbox 1027 2122 1108 2165; x_wconf 87' lang='lat' dir='ltr'>oum</span> 
     </span>
     <span class='ocr_line' id='line_1_23' title="bbox 147 2189 1108 2273; baseline -0.001 -18"><span class='ocrx_word' id='word_1_144' title='bbox 147 2193 241 2255; x_wconf 92' lang='lat' dir='ltr'>unius</span> <span class='ocrx_word' id='word_1_145' title='bbox 259 2193 400 2255; x_wconf 86' lang='lat' dir='ltr'>hominis</span> <span class='ocrx_word' id='word_1_146' title='bbox 419 2213 509 2254; x_wconf 91' lang='lat' dir='ltr'>mens</span> <span class='ocrx_word' id='word_1_147' title='bbox 528 2192 563 2254; x_wconf 91' lang='lat' dir='ltr'>in</span> <span class='ocrx_word' id='word_1_148' title='bbox 577 2191 682 2255; x_wconf 89' lang='lat' dir='ltr'>media</span> <span class='ocrx_word' id='word_1_149' title='bbox 696 2191 824 2253; x_wconf 81' lang='lat' dir='ltr'>civitate</span> <span class='ocrx_word' id='word_1_150' title='bbox 842 2190 981 2254; x_wconf 82' lang='lat' dir='ltr'>civitatis</span> <span class='ocrx_word' id='word_1_151' title='bbox 999 2189 1108 2273; x_wconf 89' lang='lat' dir='ltr'>ipsius</span> 
     </span>
     <span class='ocr_line' id='line_1_24' title="bbox 147 2275 1108 2344; baseline -0.001 -1"><span class='ocrx_word' id='word_1_152' title='bbox 147 2299 256 2343; x_wconf 82' lang='lat' dir='ltr'>casum</span> <span class='ocrx_word' id='word_1_153' title='bbox 278 2299 316 2342; x_wconf 87' lang='lat' dir='ltr'>ae</span> <span class='ocrx_word' id='word_1_154' title='bbox 337 2279 465 2344; x_wconf 91' lang='lat' dir='ltr'>ruinam</span> <span class='ocrx_word' id='word_1_155' title='bbox 487 2300 555 2342; x_wconf 90' lang='lat' dir='ltr'>non</span> <span class='ocrx_word' id='word_1_156' title='bbox 579 2279 746 2342; x_wconf 86' lang='lat' dir='ltr'>sentiebat.</span> <span class='ocrx_word' id='word_1_157' title='bbox 774 2275 926 2342; x_wconf 82' lang='lat' dir='ltr'>Solonem</span> <span class='ocrx_word' id='word_1_158' title='bbox 949 2299 1025 2342; x_wconf 87' lang='lat' dir='ltr'>vero</span> <span class='ocrx_word' id='word_1_159' title='bbox 1050 2299 1108 2342; x_wconf 84' lang='lat' dir='ltr'>ac-</span> 
     </span>
     <span class='ocr_line' id='line_1_25' title="bbox 146 2365 1109 2450; baseline -0.003 -19"><span class='ocrx_word' id='word_1_160' title='bbox 146 2367 301 2450; x_wconf 81' lang='lat' dir='ltr'>cepimus,</span> <span class='ocrx_word' id='word_1_161' title='bbox 320 2367 446 2430; x_wconf 90' lang='lat' dir='ltr'>eumin</span> <span class='ocrx_word' id='word_1_162' title='bbox 464 2367 582 2430; x_wconf 80' lang='lat' dir='ltr'>lectulo</span> <span class='ocrx_word' id='word_1_163' title='bbox 596 2367 692 2431; x_wconf 91' lang='lat' dir='ltr'>morti</span> <span class='ocrx_word' id='word_1_164' title='bbox 710 2365 874 2448; x_wconf 85' lang='lat' dir='ltr'>proximus</span> <span class='ocrx_word' id='word_1_165' title='bbox 889 2365 1109 2448; x_wconf 85' lang='lat' dir='ltr'>decumberet,</span> 
     </span>
     <span class='ocr_line' id='line_1_26' title="bbox 147 2453 1110 2538; baseline -0.002 -20"><span class='ocrx_word' id='word_1_166' title='bbox 147 2454 385 2538; x_wconf 87' lang='lat' dir='ltr'>inaudissetque</span> <span class='ocrx_word' id='word_1_167' title='bbox 403 2455 580 2519; x_wconf 88' lang='lat' dir='ltr'>assidentes</span> <span class='ocrx_word' id='word_1_168' title='bbox 601 2455 721 2518; x_wconf 88' lang='lat' dir='ltr'>amieos</span> <span class='ocrx_word' id='word_1_169' title='bbox 741 2453 780 2516; x_wconf 93' lang='lat' dir='ltr'>de</span> <span class='ocrx_word' id='word_1_170' title='bbox 798 2474 833 2517; x_wconf 90' lang='lat' dir='ltr'>re</span> <span class='ocrx_word' id='word_1_171' title='bbox 852 2454 1003 2537; x_wconf 89' lang='lat' dir='ltr'>quapiam</span> <span class='ocrx_word' id='word_1_172' title='bbox 1017 2475 1110 2516; x_wconf 91' lang='lat' dir='ltr'>sum-</span> 
     </span>
     <span class='ocr_line' id='line_1_27' title="bbox 148 2541 1110 2627; baseline 0 -21"><span class='ocrx_word' id='word_1_173' title='bbox 148 2544 257 2626; x_wconf 86' lang='lat' dir='ltr'>misse,</span> <span class='ocrx_word' id='word_1_174' title='bbox 296 2563 338 2607; x_wconf 92' lang='lat' dir='ltr'>ne</span> <span class='ocrx_word' id='word_1_175' title='bbox 373 2544 436 2627; x_wconf 92' lang='lat' dir='ltr'>ipsi</span> <span class='ocrx_word' id='word_1_176' title='bbox 472 2543 653 2607; x_wconf 89' lang='lat' dir='ltr'>molestiam</span> <span class='ocrx_word' id='word_1_177' title='bbox 688 2545 852 2625; x_wconf 87' lang='lat' dir='ltr'>parerent,</span> <span class='ocrx_word' id='word_1_178' title='bbox 888 2541 1110 2626; x_wconf 60' lang='lat' dir='ltr'>disputantes</span> 
     </span>
     <span class='ocr_line' id='line_1_28' title="bbox 148 2630 1112 2715; baseline -0.001 -20"><span class='ocrx_word' id='word_1_179' title='bbox 148 2635 269 2715; x_wconf 84' lang='lat' dir='ltr'>erecto,</span> <span class='ocrx_word' id='word_1_180' title='bbox 283 2635 320 2696; x_wconf 90' lang='lat' dir='ltr'>ut</span> <span class='ocrx_word' id='word_1_181' title='bbox 333 2633 453 2715; x_wconf 81' lang='lat' dir='ltr'>potuit,</span> <span class='ocrx_word' id='word_1_182' title='bbox 471 2631 537 2694; x_wconf 85' lang='lat' dir='ltr'>ianr</span> <span class='ocrx_word' id='word_1_183' title='bbox 551 2631 758 2695; x_wconf 86' lang='lat' dir='ltr'>semimortuo</span> <span class='ocrx_word' id='word_1_184' title='bbox 772 2630 877 2713; x_wconf 90' lang='lat' dir='ltr'>eapite</span> <span class='ocrx_word' id='word_1_185' title='bbox 891 2649 1023 2715; x_wconf 87' lang='lat' dir='ltr'>rogasse</span> <span class='ocrx_word' id='word_1_186' title='bbox 1038 2651 1112 2714; x_wconf 84' lang='lat' dir='ltr'>eos,</span> 
     </span>
     <span class='ocr_line' id='line_1_29' title="bbox 146 2717 1179 2803; baseline 0.001 -20"><span class='ocrx_word' id='word_1_187' title='bbox 146 2724 184 2783; x_wconf 90' lang='lat' dir='ltr'>ut</span> <span class='ocrx_word' id='word_1_188' title='bbox 206 2721 371 2803; x_wconf 85' lang='lat' dir='ltr'>aliquanto</span> <span class='ocrx_word' id='word_1_189' title='bbox 392 2721 600 2803; x_wconf 89' lang='lat' dir='ltr'>loquerentur</span> <span class='ocrx_word' id='word_1_190' title='bbox 622 2719 750 2801; x_wconf 83' lang='lat' dir='ltr'>elatius3</span> <span class='ocrx_word' id='word_1_191' title='bbox 772 2718 846 2801; x_wconf 85' lang='lat' dir='ltr'>sibi,</span> <span class='ocrx_word' id='word_1_192' title='bbox 869 2717 897 2781; x_wconf 89' lang='lat' dir='ltr'>si</span> <span class='ocrx_word' id='word_1_193' title='bbox 920 2718 1016 2781; x_wconf 86' lang='lat' dir='ltr'>etiam</span> <span class='ocrx_word' id='word_1_194' title='bbox 1035 2739 1113 2784; x_wconf 90' lang='lat' dir='ltr'>mo·</span> <span class='ocrx_word' id='word_1_195' title='bbox 1178 2779 1179 2796; x_wconf 16' lang='grc' dir='ltr'>ἶ</span> 
     </span>
     <span class='ocr_line' id='line_1_30' title="bbox 147 2806 1179 2890; baseline -0.001 -18"><span class='ocrx_word' id='word_1_196' title='bbox 147 2809 232 2872; x_wconf 90' lang='lat' dir='ltr'>riens</span> <span class='ocrx_word' id='word_1_197' title='bbox 265 2807 385 2890; x_wconf 88' lang='lat' dir='ltr'>aliquid</span> <span class='ocrx_word' id='word_1_198' title='bbox 417 2808 537 2871; x_wconf 81' lang='lat' dir='ltr'>discere</span> <span class='ocrx_word' id='word_1_199' title='bbox 573 2807 744 2890; x_wconf 85' lang='lat' dir='ltr'>potuisset,</span> <span class='ocrx_word' id='word_1_200' title='bbox 780 2806 955 2870; x_wconf 79' lang='lat' dir='ltr'>discessum</span> <span class='ocrx_word' id='word_1_201' title='bbox 983 2829 999 2869; x_wconf 93' lang='lat' dir='ltr'>e</span> <span class='ocrx_word' id='word_1_202' title='bbox 1037 2807 1115 2871; x_wconf 87' lang='lat' dir='ltr'>vita</span> <span class='ocrx_word' id='word_1_203' title='bbox 1178 2815 1179 2826; x_wconf 55' lang='lat'>*</span> 
     </span>
     <span class='ocr_line' id='line_1_31' title="bbox 147 2893 1179 2978; baseline -0.001 -17"><span class='ocrx_word' id='word_1_204' title='bbox 147 2897 367 2961; x_wconf 87' lang='lat' dir='ltr'>iucundiorem</span> <span class='ocrx_word' id='word_1_205' title='bbox 392 2896 470 2960; x_wconf 87' lang='lat' dir='ltr'>fore.</span> <span class='ocrx_word' id='word_1_206' title='bbox 507 2894 534 2959; x_wconf 95' lang='grc'><strong>0</strong></span> <span class='ocrx_word' id='word_1_207' title='bbox 563 2895 706 2959; x_wconf 87' lang='lat' dir='ltr'>diseendi</span> <span class='ocrx_word' id='word_1_208' title='bbox 729 2894 902 2978; x_wconf 86' lang='lat' dir='ltr'>cupiditas,</span> <span class='ocrx_word' id='word_1_209' title='bbox 930 2893 1006 2977; x_wconf 91' lang='lat' dir='ltr'>quid</span> <span class='ocrx_word' id='word_1_210' title='bbox 1034 2916 1114 2960; x_wconf 88' lang='lat' dir='ltr'>non</span> <span class='ocrx_word' id='word_1_211' title='bbox 1178 2893 1179 2972; x_wconf 59' lang='grc' dir='ltr'>ᾗ</span> 
     </span>
     <span class='ocr_line' id='line_1_32' title="bbox 148 2979 1179 3068; baseline 0 -20"><span class='ocrx_word' id='word_1_212' title='bbox 148 2985 256 3066; x_wconf 81' lang='lat' dir='ltr'>efficis,</span> <span class='ocrx_word' id='word_1_213' title='bbox 280 2984 336 3048; x_wconf 91' lang='lat' dir='ltr'>ubi</span> <span class='ocrx_word' id='word_1_214' title='bbox 360 2984 458 3048; x_wconf 90' lang='lat' dir='ltr'>semel</span> <span class='ocrx_word' id='word_1_215' title='bbox 484 3003 642 3068; x_wconf 82' lang='lat' dir='ltr'>generose</span> <span class='ocrx_word' id='word_1_216' title='bbox 664 2983 796 3066; x_wconf 87' lang='lat' dir='ltr'>ingenia</span> <span class='ocrx_word' id='word_1_217' title='bbox 819 2982 1006 3067; x_wconf 80' lang='lat' dir='ltr'>occupasti?</span> <span class='ocrx_word' id='word_1_218' title='bbox 1044 2982 1115 3048; x_wconf 82' lang='lat' dir='ltr'>Te·</span> <span class='ocrx_word' id='word_1_219' title='bbox 1178 2979 1179 2986; x_wconf 58' lang='lat'><em>&#39;</em></span> 
     </span>
     <span class='ocr_line' id='line_1_33' title="bbox 147 3071 1115 3155; baseline 0 -19"><span class='ocrx_word' id='word_1_220' title='bbox 147 3073 284 3136; x_wconf 85' lang='lat' dir='ltr'>uebatur</span> <span class='ocrx_word' id='word_1_221' title='bbox 311 3073 409 3137; x_wconf 92' lang='lat' dir='ltr'>homo</span> <span class='ocrx_word' id='word_1_222' title='bbox 439 3072 693 3155; x_wconf 86' lang='lat' dir='ltr'>sapientissimus</span> <span class='ocrx_word' id='word_1_223' title='bbox 721 3071 912 3155; x_wconf 85' lang='lat' dir='ltr'>gravissima</span> <span class='ocrx_word' id='word_1_224' title='bbox 938 3071 970 3135; x_wconf 84' lang='lat' dir='ltr'>vi</span> <span class='ocrx_word' id='word_1_225' title='bbox 997 3072 1115 3136; x_wconf 88' lang='lat' dir='ltr'>morbi</span> 
     </span>
     <span class='ocr_line' id='line_1_34' title="bbox 148 3159 1116 3242; baseline 0.004 -20"><span class='ocrx_word' id='word_1_226' title='bbox 148 3160 269 3224; x_wconf 85' lang='lat' dir='ltr'>defixus</span> <span class='ocrx_word' id='word_1_227' title='bbox 292 3160 327 3223; x_wconf 92' lang='lat' dir='ltr'>in</span> <span class='ocrx_word' id='word_1_228' title='bbox 349 3162 446 3242; x_wconf 83' lang='lat' dir='ltr'>leet03</span> <span class='ocrx_word' id='word_1_229' title='bbox 473 3160 639 3223; x_wconf 80' lang='lat' dir='ltr'>vicinitate</span> <span class='ocrx_word' id='word_1_230' title='bbox 663 3159 728 3222; x_wconf 91' lang='lat' dir='ltr'>iam</span> <span class='ocrx_word' id='word_1_231' title='bbox 751 3160 864 3224; x_wconf 91' lang='lat' dir='ltr'>mortis</span> <span class='ocrx_word' id='word_1_232' title='bbox 888 3160 929 3224; x_wconf 92' lang='lat' dir='ltr'>ab</span> <span class='ocrx_word' id='word_1_233' title='bbox 953 3159 1116 3226; x_wconf 90' lang='lat' dir='ltr'>omnibus</span> 
     </span>
     <span class='ocr_line' id='line_1_35' title="bbox 147 3247 1117 3332; baseline 0.003 -21"><span class='ocrx_word' id='word_1_234' title='bbox 147 3269 249 3331; x_wconf 89' lang='lat' dir='ltr'>paene</span> <span class='ocrx_word' id='word_1_235' title='bbox 269 3248 411 3331; x_wconf 82' lang='lat' dir='ltr'>eorporis</span> <span class='ocrx_word' id='word_1_236' title='bbox 430 3247 576 3330; x_wconf 89' lang='lat' dir='ltr'>partibus</span> <span class='ocrx_word' id='word_1_237' title='bbox 591 3268 704 3312; x_wconf 90' lang='lat' dir='ltr'>sensus</span> <span class='ocrx_word' id='word_1_238' title='bbox 720 3248 931 3329; x_wconf 83' lang='lat' dir='ltr'>abscesserat3</span> <span class='ocrx_word' id='word_1_239' title='bbox 954 3247 1117 3332; x_wconf 87' lang='lat' dir='ltr'>egregius</span> 
     </span>
     <span class='ocr_line' id='line_1_36' title="bbox 148 3335 1117 3418; baseline 0.004 -20"><span class='ocrx_word' id='word_1_240' title='bbox 148 3336 202 3398; x_wconf 90' lang='lat' dir='ltr'>ille</span> <span class='ocrx_word' id='word_1_241' title='bbox 226 3336 361 3417; x_wconf 89' lang='lat' dir='ltr'>animus,</span> <span class='ocrx_word' id='word_1_242' title='bbox 384 3357 459 3399; x_wconf 87' lang='lat' dir='ltr'>mox</span> <span class='ocrx_word' id='word_1_243' title='bbox 482 3335 563 3398; x_wconf 90' lang='lat' dir='ltr'>liber</span> <span class='ocrx_word' id='word_1_244' title='bbox 586 3357 623 3400; x_wconf 87' lang='lat' dir='ltr'>ao</span> <span class='ocrx_word' id='word_1_245' title='bbox 638 3337 764 3400; x_wconf 89' lang='lat' dir='ltr'>solutus</span> <span class='ocrx_word' id='word_1_246' title='bbox 786 3336 929 3418; x_wconf 88' lang='lat' dir='ltr'>futurus,</span> <span class='ocrx_word' id='word_1_247' title='bbox 952 3356 969 3398; x_wconf 89' lang='lat' dir='ltr'>e</span> <span class='ocrx_word' id='word_1_248' title='bbox 993 3355 1117 3418; x_wconf 88' lang='lat' dir='ltr'>eorpo-</span> 
     </span>
     <span class='ocr_line' id='line_1_37' title="bbox 147 3422 1119 3507; baseline 0.001 -20"><span class='ocrx_word' id='word_1_249' title='bbox 147 3424 211 3487; x_wconf 88' lang='lat' dir='ltr'>reis</span> <span class='ocrx_word' id='word_1_250' title='bbox 228 3423 365 3486; x_wconf 80' lang='lat' dir='ltr'>vinculis</span> <span class='ocrx_word' id='word_1_251' title='bbox 383 3423 509 3488; x_wconf 87' lang='lat' dir='ltr'>exsilire</span> <span class='ocrx_word' id='word_1_252' title='bbox 532 3424 700 3507; x_wconf 81' lang='lat' dir='ltr'>cupiebat:</span> <span class='ocrx_word' id='word_1_253' title='bbox 724 3444 797 3488; x_wconf 90' lang='lat' dir='ltr'>eum</span> <span class='ocrx_word' id='word_1_254' title='bbox 821 3422 974 3506; x_wconf 91' lang='lat' dir='ltr'>quidquid</span> <span class='ocrx_word' id='word_1_255' title='bbox 996 3443 1119 3506; x_wconf 87' lang='lat' dir='ltr'>super-</span> 
     </span>
     <span class='ocr_line' id='line_1_38' title="bbox 147 3511 1118 3596; baseline 0.001 -21"><span class='ocrx_word' id='word_1_256' title='bbox 147 3514 218 3575; x_wconf 88' lang='lat' dir='ltr'>erat</span> <span class='ocrx_word' id='word_1_257' title='bbox 244 3511 361 3575; x_wconf 80' lang='lat' dir='ltr'>virium</span> <span class='ocrx_word' id='word_1_258' title='bbox 384 3531 422 3574; x_wconf 89' lang='lat' dir='ltr'>eo</span> <span class='ocrx_word' id='word_1_259' title='bbox 446 3511 597 3595; x_wconf 84' lang='lat' dir='ltr'>eontulit,</span> <span class='ocrx_word' id='word_1_260' title='bbox 623 3515 661 3575; x_wconf 91' lang='lat' dir='ltr'>ut</span> <span class='ocrx_word' id='word_1_261' title='bbox 687 3511 855 3576; x_wconf 85' lang='lat' dir='ltr'>deficiente</span> <span class='ocrx_word' id='word_1_262' title='bbox 884 3511 998 3596; x_wconf 82' lang='lat' dir='ltr'>lingua</span> <span class='ocrx_word' id='word_1_263' title='bbox 1020 3515 1118 3576; x_wconf 84' lang='lat' dir='ltr'>voci-</span> 
     </span>
    </p>
   </div>
   <div class='ocr_carea' id='block_1_4' title="bbox 0 0 1196 3944">
    <p class='ocr_par' dir='ltr' id='par_1_4' title="bbox 0 0 1196 3944">
     <span class='ocr_line' id='line_1_39' title="bbox 0 0 1196 3944; baseline 0 0"><span class='ocrx_word' id='word_1_264' title='bbox 0 0 1196 3944; x_wconf 95' lang='lat' dir='ltr'> </span> 
     </span>
    </p>
   </div>
  </div>
 </body>
</html>
