2330 3944
199 202 242 267 98
580 198 716 256 ORATIO
736 199 770 254 X.

263 475 346 538 CUM
370 471 550 534 SENECAE
573 471 727 532 LIBRUM
749 472 802 532 DE
825 471 1082 533 PROVIDENTIA

411 577 795 640 InrnRPRuTATURUs
817 577 945 639 ESSET.

533 731 744 819 ORATIO
778 731 830 815 X.

373 907 492 952 namra
506 907 612 950 ROMAE
626 907 670 951 ΙΙΙ,
685 907 753 950 NON.
767 907 983 952 1UNAEDLXXV.

266 1054 317 1119 De
338 1051 460 1118 Seneca
482 1050 566 1116 nihil
586 1051 650 1117 hoo
671 1051 743 1117 loco
767 1052 922 1117 constitui
944 1051 1057 1134 dicere;
1075 1073 1147 1114 ran¹

201 1144 228 1207 si
251 1143 486 1227 vituperatores
512 1140 599 1205 illius
627 1139 794 1206 confutare
821 1141 951 1226 vellem,
978 1140 1131 1206 necessario

200 1231 281 1296 mihi
304 1231 449 1296 ducenda
468 1232 576 1296 essent
593 1229 766 1314 praecipua
784 1234 978 1314 argumenta
995 1253 1012 1296 e
1032 1230 1132 1312 scriptis

201 1321 318 1405 ipsius,
345 1323 383 1386 ut
406 1318 622 1402 ostenderem,
654 1321 787 1383 sumet
814 1317 981 1384 doctrinae
1008 1319 1090 1404 copia
1110 1322 1134 1380 et

202 1409 364 1476 scribendi
392 1407 554 1495 elegantia
580 1407 678 1492 longe
707 1407 907 1492 multumque
932 1408 1075 1474 omnibus
1094 1407 1148 1469 ob*

200 1498 430 1564 tractatoribus
454 1497 521 1562 suis
544 1495 752 1580 praestitisse.
777 1493 875 1560 Nunc
898 1517 974 1561 cum
1001 1496 1079 1581 apud
1094 1516 1133 1558 eos

202 1585 370 1671 disseram,
402 1586 518 1669 quibus
551 1582 690 1650 Senecas
723 1584 842 1668 scripta
868 1590 948 1649 nota
977 1607 1043 1650 non
1071 1587 1135 1664 sunt,

202 1711 244 1722 -
270 1677 388 1758 quotus
416 1674 502 1738 enim
530 1673 664 1756 quisque
691 1677 834 1737 vestrum
855 1677 936 1750 ,ante
964 1673 1050 1739 huno
1071 1673 1135 1736 diem

202 1783 253 1846 ea,
276 1784 344 1827 non
367 1761 485 1844 dicam,
513 1761 632 1825 evolvit
659 1765 716 1824 aut
738 1762 830 1847 legit,
858 1763 915 1826 sed
940 1763 1078 1848 inspexit
1095 1765 1137 1826 aut

202 1849 335 1936 attigit?
359 1852 503 1934 -puto
527 1870 578 1912 me
607 1849 805 1914 commodius
832 1871 901 1916 esse
928 1851 1096 1933 factumn,
1118 1849 1137 1910 si

201 1941 292 2024 prius
313 1939 402 2006 huno
423 1939 569 2004 libellum
595 1939 680 2002 mole
709 1939 852 2023 quidem,
879 1943 917 2004 ut
939 1941 1067 2024 videtis,
1091 1937 1137 2002 eri·

203 2050 316 2115 guum,
348 2029 404 2095 ssd
435 2031 469 2094 et
500 2027 655 2093 orationis
687 2027 887 2092 ornamentis
917 2031 950 2093 et
980 2025 1138 2115 argumenti

203 2120 376 2203 gravitate,
410 2121 448 2182 ut
474 2117 634 2200 sentietis,
665 2116 816 2180 eximium
843 2117 935 2182 vobis
961 2135 1139 2204 proposuero

203 2227 241 2270 ac
264 2207 378 2270 deinde
401 2205 589 2290 permisero,
615 2208 654 2269 ut
680 2227 719 2270 ex
747 2213 784 2270 eo
813 2203 969 2271 Senecam
997 2212 1140 2290 tamquam

203 2314 242 2357 ex
282 2293 398 2378 ungui,
442 2296 480 2356 ut
521 2293 649 2377 dieitur,
690 2295 817 2359 leonem
859 2295 1078 2379 aestimantes,
1112 2292 1140 2354 dt

202 2381 304 2466 ipsius
351 2381 509 2465 sapientia
554 2386 587 2446 et
627 2383 811 2466 eloquentia
854 2383 1015 2450 arbitratu
1054 2384 1142 2449 vestro

201 2470 359 2535 iudicetis.
399 2469 532 2534 Urbane
559 2469 670 2536 Ulixes
703 2471 789 2555 apud
815 2469 1007 2556 Euripidem
1039 2473 1072 2537 in
1097 2467 1142 2552 Cy·

203 2559 309 2644 elope,
332 2579 404 2623 cum
423 2556 531 2624 Sileno
555 2559 665 2624 vinum
687 2560 876 2628 venditurus
899 2566 998 2650 esset,
1020 2563 1066 2628 ita
1087 2579 1145 2624 eun

204 2643 432 2733 alloquitur*):
472 2655 474 2659 ’
532 2713 539 2724 ,

369 2785 433 2840 Vca’
451 2791 483 2840 ta
496 2787 580 2854 prius
596 2792 707 2856 pastore
725 2789 793 2857 quid
810 2789 871 2843 uini
889 2788 998 2855 feram?

203 2913 256 2979 cui
280 2909 415 2979 Silenus:

365 3053 386 3106 I
385 3057 416 3107 to
429 3051 566 3106 conectit:
579 3067 644 3106 com
657 3057 753 3122 pestus
767 3058 908 3122 emptorem
917 3059 1002 3108 vocet.

269 3176 343 3262 Ego
372 3200 512 3264 quoque,
545 3200 618 3244 cum
645 3179 737 3244 vobis
764 3178 852 3243 hunc
880 3180 1069 3264 scriptorem
1094 3196 1150 3241 nor

205 3264 334 3349 quidem
362 3267 512 3350 vendere,
541 3269 596 3331 sed
624 3272 709 3333 certe
741 3268 964 3332 commendare
996 3272 1093 3352 atque
1121 3267 1150 3327 ut

204 3354 292 3438 apud
323 3374 380 3418 vos
412 3354 447 3416 in
478 3355 582 3438 pretio
616 3356 671 3440 sit,
708 3357 833 3422 efficere
870 3358 1009 3442 cupiam,
1048 3357 1150 3420 debere

258 3542 285 3611 *)
303 3541 399 3612 Eurip.
419 3541 494 3612 Cycl.
516 3550 574 3600 149.
595 3564 635 3616 sq.
