2368 3956
432 219 553 276 CAPUT
571 219 627 276 Lx.
939 219 1005 284 207

65 366 165 446 genter
184 363 297 449 habui,
319 367 480 430 uteorum
502 364 589 431 bona
605 383 786 450 magnoque
807 386 884 449 pars
905 365 1006 450 perie-

64 453 107 516 rit.
147 451 254 519 Incido
269 455 377 518 autem
389 473 624 538 nonnunquam
646 453 682 517 in
695 474 804 518 earum
824 454 1007 536 nonnullas,

65 560 135 624 quae
154 562 204 606 me
227 542 348 606 acriore
366 541 563 627 reliquarum
582 541 738 607 desiderio
756 542 947 626 incendunt,
969 545 1007 606 ut

63 627 131 694 haee
158 634 228 715 est,
246 651 327 715 quae
354 651 440 694 nuno
468 629 555 696 aliud
583 631 692 716 agenti
714 630 803 695 venit
824 631 859 694 in
881 651 1010 696 manus:

63 715 188 782 Habitus
210 722 281 784 erat
307 719 342 784 in
363 719 500 802 prandio
524 739 629 784 sermo
657 719 696 784 de
720 740 845 784 summo
868 719 1007 804 quodem

63 808 90 869 et
108 807 329 889 potentissimo
343 805 507 892 Principe,
530 808 586 892 qui
608 827 681 871 cum
693 807 729 872 in
748 807 898 874 omnibus
921 811 1006 872 aeta-

62 893 98 956 tis
121 896 263 977 partibus
292 895 516 960 admirabilem·
541 895 703 980 quandam
731 895 952 981 integritatem
975 900 1008 960 et

61 981 267 1050 innocentiam
293 984 521 1069 praestitisset,
548 984 614 1049 iam
642 1005 738 1050 senex
766 983 807 1049 ad
836 984 1008 1068 imperium

62 1074 176 1137 evectus
197 1076 330 1157 peecata
351 1073 520 1140 hominum
541 1073 626 1138 ferre
647 1093 716 1138 non
737 1076 879 1158 poterat,
907 1093 1007 1158 eaque

62 1159 230 1226 durioribus
253 1181 291 1226 ac
313 1161 526 1228 severioribus
547 1161 687 1247 legibus,
711 1183 807 1247 quam
829 1161 1009 1226 inveterata

62 1249 167 1312 saeculi
188 1249 321 1314 licentia
333 1251 497 1335 postulare
510 1249 680 1335 videretur,
702 1249 876 1316 coercebat.
911 1249 1021 1319 Multi.

62 1357 92 1399 so
111 1337 188 1402 rarii
213 1359 375 1404 sermones
398 1339 540 1423 fuerant,
567 1338 653 1422 aliis,
679 1341 717 1403 ut
738 1338 787 1422 fit,
810 1337 949 1423 rigidam
970 1338 1007 1401 il-

60 1425 116 1488 lam
146 1430 178 1491 et
209 1426 424 1511 praefractam
460 1427 663 1494 severitatem
699 1425 1008 1508 commendantibus,

59 1515 270 1668 tlltlt
277 1514 1029 1670 destitit?tteltllllltldlff·

59 1689 128 1756 tinis
140 1624 374 1758 macedonicis
388 1655 539 1795 natur'am
563 1673 689 1794 quoque
702 1653 808 1777 ipiam
827 1625 1008 1774 abhoriere,

59 1799 314 1935 tlterttll
322 1785 464 1954 nillil,
480 1781 733 1936 {titillet
746 1784 921 1934 llll-ils
935 1783 1009 1933 tl

58 1959 268 2044 autumnoque
295 1958 490 2042 perduceret.
539 1957 718 2024 Abscessus
745 1977 872 2043 quoque
895 1960 928 2022 et
953 1977 1008 2022 ro-

57 2045 148 2114 micas
170 2048 207 2112 in
231 2048 417 2131 corporibus
437 2046 558 2114 nostris
573 2046 737 2112 amedicis
759 2047 886 2112 lenibus
903 2045 1009 2130 primo

57 2129 201 2200 fomentis
220 2157 258 2200 ae
277 2136 519 2220 cataplasmatis
536 2135 656 2202 molliri
670 2137 784 2219 solere,
801 2155 906 2220 neque
919 2133 1009 2218 prius

56 2220 154 2309 incidi,
169 2246 267 2310 quam
282 2224 537 2309 suppuraverint.
563 2223 744 2291 Cardinalis
758 2245 831 2288 cum
846 2227 879 2288 et
891 2221 1009 2287 blande

58 2329 160 2378 omnes
185 2312 227 2377 ad
250 2313 420 2378 dicendum
432 2313 586 2379 invitaret
606 2333 711 2398 neque
731 2313 892 2397 patienter
904 2310 1010 2394 modo,

57 2399 106 2462 sed
132 2404 165 2466 et
191 2401 331 2466 libenter
357 2401 495 2487 audiret,
522 2402 662 2487 dicebat,
687 2401 723 2466 in
749 2401 790 2466 iis
818 2399 1011 2486 reprehendi

56 2506 144 2568 posse
172 2490 391 2574 severitatem,
419 2491 475 2578 qui
502 2491 543 2556 ad
565 2490 737 2556 formulam
761 2511 853 2555 suam
874 2510 943 2554 non
964 2489 1010 2552 vi-

55 2581 160 2642 serent
166 2628 176 2661 ‚
204 2578 260 2644 sed
284 2579 348 2646 alia
369 2579 514 2645 facerent
534 2579 607 2666 ipsi,
629 2579 694 2644 alia
714 2579 841 2662 publice
863 2577 1011 2642 facienda

56 2667 320 2744 praescriberent:
346 2667 383 2732 in
409 2687 448 2733 eo
474 2689 542 2734 non
568 2687 676 2752 posse,
704 2667 760 2751 qui
786 2666 910 2730 nullam
938 2664 1010 2730 aliis

55 2749 154 2838 legem
176 2758 326 2840 poneret,
348 2777 445 2840 quam
466 2777 535 2822 non
556 2757 626 2840 ipse
649 2755 712 2820 sibi
733 2756 836 2819 multo
857 2756 932 2818 ante
954 2774 1010 2837 po·

56 2842 176 2910 suisset.
221 2843 284 2910 His
307 2844 441 2929 aliisque
463 2843 499 2910 in
522 2843 656 2910 eandem
679 2843 872 2909 sententiam
892 2863 1011 2907 sermo-

54 2929 145 2996 nibus
176 2953 273 3018 super
300 2953 445 2998 mensam
474 2932 607 3015 habitis,
640 2930 837 3016 Hippolytus
870 2929 1010 2995 dimissis

55 3020 164 3086 ceteris
187 3042 227 3085 ex
248 3042 338 3088 more
360 3043 412 3088 me
424 3021 461 3086 in
483 3021 663 3087 cubiculum
682 3019 723 3084 ad
746 3041 779 3086 se
792 3020 901 3084 vocari
913 3019 1011 3084 iubet.

53 3102 198 3174 ibicum
228 3109 293 3174 alia
319 3111 422 3185 multa
448 3109 685 3194 sapientissime
708 3107 803 3192 dixit,
832 3107 948 3194 quibus
969 3129 1011 3172 ne

54 3195 113 3260 sibi
137 3197 267 3282 quidem
293 3199 384 3266 illam
405 3201 532 3264 tantam
555 3199 758 3263 severitatem
785 3213 916 3281 prorsus
939 3218 1011 3280 pro·

53 3281 122 3348 bari
135 3287 332 3372 ostenderet,
356 3290 575 3372 quamtamen
595 3290 681 3353 certo
705 3287 802 3351 sciret
825 3287 866 3350 ab
889 3285 1011 3368 optima

52 3377 160 3439 mente
187 3375 360 3460 proficisci:
387 3379 458 3444 tum
480 3376 553 3460 has,
581 3397 661 3462 ques
684 3375 861 3457 subiiciam,
884 3375 1010 3437 senten-

51 3461 115 3527 tias
139 3463 299 3548 adspersit
322 3465 460 3532 orationi
483 3485 573 3548 suae3
597 3485 676 3549 quas
695 3484 766 3549 ego,
789 3461 874 3547 quod
888 3465 920 3524 et
939 3479 1010 3544 gra·

51 3570 105 3616 ves
134 3556 169 3617 et
196 3554 360 3640 eleganter
386 3574 554 3639 expressae
581 3553 780 3636 viderentur,
807 3553 844 3614 ut
870 3549 1010 3634 primum
