2328 3956
342 229 522 285 EPISTOLA
541 231 637 288 LXIX.
925 235 968 298 93

34 371 136 472 Pprene
157 378 235 457 pota
257 375 399 440 faciebat
411 373 549 462 politas)
572 377 609 442 in
630 379 800 444 eonsilium
815 379 854 444 de
868 382 967 445 maxi

33 462 81 525 mis
100 463 191 528 rebus
215 463 400 548 adhibetur,
429 465 593 568 supercilii
615 488 653 532 ac
676 467 791 551 capitis
813 473 905 533 motu
928 469 967 534 de

33 551 143 615 maximi
163 552 323 618 momenti
336 553 486 639 negotiis,
507 555 637 620 nemine
659 556 793 639 ridente,
818 556 968 622 decernit.

33 638 115 722 llius,
137 640 226 706 euius
240 663 337 706 mane
360 642 477 707 exituri
499 643 618 708 atn'um
632 644 781 709 cohortes
803 645 969 710 clientium

33 727 216 808 obsidebant,
254 731 345 795 cuius
381 752 475 796 aures
510 733 660 816 precibus
697 733 969 818 obtundebantur,

32 839 125 882 uenus
139 818 259 884 osculis
273 820 533 904 conterebantur,
555 821 641 885 ab'
620 843 670 904 us,
693 843 774 906 quos
796 844 900 906 nuper
914 824 969 887 ad·

33 909 122 987 stpecu
152 907 287 986 beabat,
323 908 444 974 insalut
429 912 518 974 tatus
555 911 757 994 praeteritum.
810 908 871 976 cui
901 933 970 976 non

32 991 91 1058 haec
111 1017 196 1061 nova
219 1000 254 1060 et
276 996 467 1062 admiranda
492 998 686 1063 videantur?
721 997 784 1064 Sed
811 999 891 1064 haec
915 1001 970 1084 qui

32 1083 180 1169 mirantur,
209 1107 379 1170 nunquam
408 1087 454 1152 eis
483 1086 570 1172 quod
597 1087 754 1152 mirentur
786 1087 970 1153 defuturum

45 1173 237 1238 stVetera
264 1179 355 1258 sunt,
383 1175 572 1259 quotidiana
600 1179 689 1259 sunt,
661 1176 861 1242 tobsoleta
885 1181 970 1242 sunt

31 1192 122 1326 Nsobt
108 1266 176 1327 tam
198 1263 386 1328 mirandum
409 1268 472 1348 est,
495 1265 581 1347 quod
603 1227 767 1349 eveniant,
791 1287 888 1350 quam
911 1267 969 1330 mi·

32 1350 147 1415 rendum
170 1356 267 1436 esset,
290 1353 319 1416 si
341 1375 409 1418 non
432 1353 607 1418 evenirent.
645 1352 749 1429 Quam
763 1355 891 1437 multos,
915 1356 971 1438 qui

32 1438 71 1501 diu
89 1440 266 1519 tacuerant,
288 1441 324 1505 in
338 1443 440 1506 altum
453 1446 587 1526 repente
601 1443 755 1520 sublatos,
779 1465 876 1526 quam
889 1444 970 1507 mul·

32 1529 76 1608 los,
95 1550 164 1593 cum
179 1529 270 1594 diu'
260 1551 296 1594 ιιι
319 1531 449 1594 sublimi
463 1531 629 1596 stetissent
628 1535 815 1614 ,momento
830 1530 970 1596 deiectos

32 1577 168 1682 vidimus?
207 1617 272 1694 Qui
298 1619 380 1683 talia
406 1620 580 1698 mirantur,
608 1581 709 1684 sblem
736 1620 862 1704 vesperi
889 1622 970 1686 occi·

32 1703 87 1768 dere
108 1707 312 1793 eundemque
335 1729 430 1772 mane
453 1708 557 1772 redire
579 1709 745 1772 mirentur.
789 1708 911 1794 Ego
886 1731 914 1773 ιι
935 1709 972 1773 in

32 1815 209 1971 cluth
218 1796 971 1970 ttulinlllltlt{ltclet‘lmlttntl

31 1973 154 2056 regulam
187 1996 284 2039 suam
304 1975 451 2057 viveret,
490 1975 546 2058 qui
577 1975 647 2039 sine
679 1974 868 2051 ambitione,
901 1973 970 2036 sine

32 2059 233 2146 simulatione,
262 2063 332 2127 sine
360 2063 455 2126 malis
479 2063 601 2128 artibus
632 2063 673 2126 ad
700 2063 852 2126 virtutem
875 2062 971 2125 etad

31 2114 233 2217 honestatem
244 2154 317 2216 tota
343 2155 453 2216 mente
478 2151 631 2216 ferretur:
660 2152 845 2235 clamarem,
871 2149 971 2214 Porro

32 2235 152 2313 Quirites.
206 2239 245 2304 Id
272 2239 354 2305 mihi
380 2262 515 2324 novum,
546 2241 751 2318 inusitatum,
783 2239 971 2304 admirabile

32 2325 142 2394 ridetur.
179 2327 364 2414 Aegrotare
386 2328 488 2411 hune,
507 2329 603 2393 illum
620 2332 785 2394 mortuum
808 2349 892 2411 esse;
916 2328 971 2392 alii

32 2419 105 2482 natos
126 2419 263 2496 liberos,
287 2418 344 2482 alii
366 2421 529 2482 mortuam
551 2439 697 2501 uxorem3
725 2418 817 2481 illum
839 2417 900 2480 iter
922 2417 971 2480 in·

32 2505 114 2590 gredi,
139 2507 232 2572 hune
258 2507 295 2572 in
322 2507 436 2571 urbem
463 2506 581 2571 redire:
608 2506 689 2571 haec
718 2507 765 2571 ita
788 2506 972 2571 communia

33 2595 55 2654 et
74 2596 230 2662 tralatitia
256 2600 347 2680 sunt,
374 2599 411 2660 ut
437 2595 535 2660 mirer
561 2617 631 2660 esse
664 2596 720 2680 qui
748 2594 828 2658 talia
854 2595 971 2658 miren-

33 2681 77 2745 lm
108 2683 171 2750 Sed
195 2683 542 2750 nonnediuinaveram
564 2684 647 2760 fore,
670 2687 796 2746 utnon
813 2682 909 2746 diuo
911 2683 970 2746 t-io

33 2789 86 2922 sust
96 2773 223 2838 essem?
258 2773 345 2838 Ecce
377 2773 438 2837 tibi
469 2771 578 2837 neseio
611 2771 682 2855 quis
715 2771 800 2835 fores
833 2769 972 2835 cubiculi

74 2861 355 2945 tatQuicunque
379 2864 437 2944 est,
460 2860 660 2944 exspectabit
677 2862 797 2944 tamen,
820 2858 896 2924 dum
912 2859 971 2924 has

33 2859 135 3014 llbras
166 2949 392 3034 obsignavero.
441 2947 582 3013 Multum
610 2949 658 3012 illi
687 2948 797 3026 debes,
828 2947 972 3032 quisquis

34 3038 77 3098 est.
108 3037 302 3104 Onerassem
325 3041 358 3102 te
380 3037 477 3102 hodic
500 3041 568 3101 tam
583 3037 694 3102 multis
708 3037 812 3121 nugis,
835 3039 873 3100 ut
890 3038 971 3119 peti-

33 3123 105 3189 tums
126 3127 227 3191 fueris
255 3150 275 3191 a
297 3149 363 3211 me,
390 3130 427 3190 ut
449 3127 557 3210 potius
583 3126 667 3190 nihil
694 3125 826 3191 omnino
855 3126 972 3192 scribe-

34 3230 97 3291 rem,
119 3238 217 3299 quam
242 3216 325 3280 talia
353 3216 534 3280 scriberem,
584 3213 647 3278 Sed
674 3215 793 3279 iterum
815 3237 853 3280 ac
874 3217 971 3282 tertio

35 3296 83 3364 iun
95 3305 279 3369 verberatae
295 3309 371 3368 sunt
384 3304 480 3369 fores.
515 3303 649 3368 Valebis
671 3304 818 3389 igituret
832 3305 971 3388 ineptias

34 3405 103 3454 neas
125 3415 227 3478 aequo
251 3394 361 3458 animo
384 3393 477 3458 feres.
521 3391 654 3457 Romae.
677 3411 747 3460 xvl.
773 3393 846 3458 Kal.
868 3392 971 3476 April.

36 3489 192 3546 ιιιιιιιιιιιιι.

411 3589 572 3598 *—
