2330 3944
367 211 503 268 ORATIO
522 213 595 268 XIV.
895 214 959 278 143

43 357 79 419 tis.
107 354 205 440 ltaque
228 377 299 420 cum
322 379 360 420 ea
383 357 545 440 dicuntur,
574 378 655 440 quae
679 359 802 422 nullam
825 380 959 442 prorsus

41 445 152 508 habeant
171 445 310 508 veritatis
335 444 590 529 similitudinem,
618 449 674 509 aut
702 449 814 530 suapte
842 448 874 511 vi
902 451 959 511 aut
1075 511 1082 519 ,

42 531 125 594 hahita
147 533 266 596 ratione
294 555 418 618 eorum,
450 533 535 617 apud
564 555 644 617 quos
674 534 836 616 dicuntur,
867 536 958 599 nulla

41 619 188 684 extalibus
215 621 388 686 mendaciis
417 621 550 686 existere
578 623 728 705 voluptas
761 626 876 706 potest.
912 623 959 687 At

41 712 173 790 peltarum
203 709 358 794 figmenta
390 713 422 773 et
454 709 622 794 ingeniose
656 711 838 795 excogitata
874 716 960 794 sunt,

41 799 61 859 et
83 796 223 861 accedunt
252 799 440 881 plerumque
473 798 513 862 ad
546 799 686 881 aliquam
718 799 960 863 similitudinem

41 885 96 966 veri,
119 885 211 948 etita
234 889 450 970 exponuntur,
476 890 514 950 ut
535 887 570 950 in
597 887 668 970 ipsa
696 907 806 952 eorum
836 887 960 972 exposi-

40 972 101 1035 tione
119 973 282 1038 mirificum
305 974 465 1058 quoddam
492 975 615 1058 ingenii
642 996 777 1038 acumen
804 978 960 1059 perpetuo

41 1061 138 1124 eluceat.
171 1061 298 1147 Itaque,
325 1063 479 1146 quoniam
507 1084 619 1127 verum
640 1063 808 1148 ingeniose
831 1064 960 1127 imitan-

41 1149 84 1231 tur,
103 1149 265 1215 oblectant.

85 1235 231 1321 Sequitur,
255 1242 293 1303 ut
315 1239 496 1323 ostendam,
520 1261 601 1323 quae
625 1240 793 1305 commoda
814 1241 961 1304 humano

41 1326 120 1406 generi
143 1327 290 1391 adferant
316 1329 444 1411 poetae,
476 1330 508 1391 et
540 1349 619 1411 quas
652 1327 692 1391 ad
724 1350 775 1392 res
802 1329 890 1392 utilis
918 1329 962 1391 sit

40 1417 186 1492 palnatum
208 1416 314 1480 lectio.
340 1415 421 1480 Dico
442 1419 562 1500 autem,
586 1436 667 1498 quae
688 1416 751 1480 duo
773 1419 811 1479 ut
833 1415 962 1480 doceret

40 1499 162 1566 Achillem
191 1503 339 1568 Phoenix
371 1505 520 1568 comitem
552 1524 585 1568 se
618 1503 647 1567 ei
680 1525 699 1567 1
726 1507 817 1587 patre
850 1503 961 1568 datum

40 1591 286 1676 supradictam,
318 1591 359 1656 ad
392 1613 429 1656 ea
460 1596 596 1674 utraque
627 1595 741 1675 politas
772 1592 962 1656 utilissimos

40 1696 92 1740 esse.
124 1678 205 1743 Nam
239 1684 272 1744 11
298 1680 380 1744 bene
406 1681 496 1763 loqui
523 1681 640 1746 docent
672 1683 704 1744 et
735 1681 775 1744 ad
806 1681 961 1746 honestas

39 1766 146 1832 actiones
173 1769 301 1834 animos
327 1769 506 1853 legentium
533 1772 590 1832 aut
621 1768 820 1833 audientium
850 1770 963 1853 impel-

39 1851 94 1918 lunt.
123 1855 211 1930 Quod
236 1857 287 1921 his
309 1857 454 1921 versibus
479 1857 610 1942 exponit
632 1855 840 1943 Horatius*):

116 1967 147 2022 Os
164 1974 288 2023 tenerum
301 1970 388 2038 pueri
405 1969 564 2038 balbuareque
577 1974 661 2036 poeta
678 1969 794 2038 figurat:

116 2038 184 2092 Moe
200 2041 285 2094 eliam
298 2045 396 2108 pectus
408 2041 563 2108 praeceptis
581 2040 684 2106 format
700 2039 830 2104 honestis,

16 2119 17 2122 ’
114 2110 741 2178 11011111111111111111101111101011001
959 2177 963 2184 Ι

83 2205 121 2272 hc
146 2211 184 2275 de
214 2211 401 2294 eloquentia
429 2209 570 2294 quidem,
598 2210 676 2292 quin
704 2209 745 2273 ad
768 2231 839 2274 eam
861 2209 961 2292 pluri·

38 2311 99 2358 uam
118 2299 299 2383 conferant,
321 2320 362 2362 ne
386 2297 526 2362 dubitari
549 2299 677 2382 quidem
698 2301 814 2382 potest.
849 2296 963 2362 Omnis

38 2382 97 2446 enim
120 2388 286 2471 granditas
314 2387 486 2470 orationis,
519 2387 624 2450 omnis
657 2387 829 2472 peregrina
856 2390 889 2450 11
920 2386 962 2448 ab

39 2471 131 2556 vulgari
166 2476 347 2540 abhorrens
384 2475 597 2540 conformatio
629 2475 813 2558 verborum,
851 2495 966 2538 omnes-

36 2557 127 2642 figurae
153 2565 351 2650 insigniores
377 2584 446 2628 non
473 2564 513 2627 ab
538 2563 600 2627 alio
630 2563 823 2648 scriptorum
846 2583 963 2648 genere
1013 2605 1016 2609 -

39 2666 106 2727 [luam
130 2674 148 2716 1
174 2653 283 2736 politis
309 2654 472 2736 petuntur.
507 2649 686 2716 Numerose
715 2654 823 2715 autem
850 2651 965 2734 dicere„

37 2755 79 2815 quo
108 2741 234 2805 nullum
269 2741 374 2805 maius
410 2740 600 2806 elocutionis
644 2743 869 2804 ornamentum
905 2743 963 2822 est,

16 2842 105 2896 :neno
138 2829 273 2913 poterit,
309 2829 372 2893 nisi
408 2829 463 2912 qui
499 2849 592 2892 aures
627 2827 747 2892 habeat
781 2829 817 2892 in
853 2849 963 2891 nume-

35 2909 65 2974 lla
88 2918 219 2998 poeticis
257 2917 311 2982 diu
343 2918 543 2999 multumque
574 2916 669 2980 tritas
701 2919 734 2980 11
765 2916 964 2979 exercitatas.
1076 2913 1078 2920 ’

36 2995 77 3062 1111
101 3006 203 3071 maior
240 3009 272 3070 11
313 3005 522 3070 dubitationis
562 3005 688 3088 plenior
724 3003 868 3086 quaestio
906 3005 965 3087 est,

35 3091 175 3167 prosintne
200 3094 345 3160 moribus
367 3096 495 3178 potita-e,
522 3115 564 3156 an
592 3115 646 3158 eos
673 3091 820 3156 inficiant
846 3111 883 3154 ac
912 3091 965 3155 de·

16 3182 165 3260 prevent?
212 3183 307 3248 Plato
340 3183 426 3247 enim
458 3203 530 3246 cum
566 3179 854 3246 innumerabilibus
882 3181 964 3246 locis

36 3283 168 3334 summam
209 3271 338 3336 laudem
379 3271 545 3335 tribuisset
581 3271 684 3355 po'e'tis
721 3291 757 3333 ac
794 3270 964 3354 praecipue

16 3349 164 3484 pibonem,
193 3359 229 3424 in
255 3360 347 3425 libris
375 3359 414 3424 de
437 3359 614 3444 republica,
642 3359 743 3423 multa
767 3358 807 3422 ab
831 3380 868 3424 eo
891 3379 965 3442 pec·

16 3507 18 3580 l
70 3550 91 3616 *l
108 3551 200 3622 Epist.
219 3554 252 3608 ΙΙ.
275 3560 297 3607 1.
320 3557 376 3607 116.
399 3558 455 3607 128.
477 3570 515 3622 sq.

16 3659 18 3704 l

16 3805 19 3897 1
