2368 3956
15 99 25 248 1

15 255 17 288 Ι

15 293 17 328 i

219 267 283 334 132
594 265 680 320 VAR.
697 263 801 320 Lucu.

215 433 264 566 sterce
289 412 419 566 spueret,
445 411 475 478 si
500 413 597 478 vestro
627 409 759 476 elamore
778 409 994 494 perturbatum
1018 411 1057 477 iri
1079 411 1142 476 arbi-

246 521 300 566 are
313 522 360 566 ar.

589 674 735 743 CAPUT
757 675 813 741 XI.

330 815 379 872 ua
400 813 634 882 auosuuusu
652 814 870 869 sumerum
886 813 1064 870 uuuosu.

283 960 422 1045 Hippias
451 959 536 1044 apud
561 957 732 1024 Platonem
749 955 775 1045 ¹)
803 962 960 1044 tanquam
987 959 1026 1024 de
1052 977 1145 1042 magro

218 1049 358 1134 quodam
395 1054 428 1113 ct
463 1047 642 1132 praestanti
678 1049 765 1113 bono
803 1049 973 1134 glorietur,
1009 1069 1094 1132 posse
1123 1068 1146 1110 se

217 1139 455 1292 tibitibi
474 1136 1148 1311 dimititttttbbtbbtitt

218 1316 307 1380 cuius
343 1314 423 1380 haee
460 1318 537 1380 sunt
567 1336 584 1379 e
620 1315 703 1379 libro
739 1314 845 1399 primo
881 1311 1148 1380 Declamationum:

217 1405 279 1472 Seri
299 1424 369 1470 cam
390 1405 525 1469 matta
512 1423 578 1468 ram
599 1403 678 1468 mibi
699 1423 736 1468 ea
748 1424 796 1468 me
817 1403 1022 1470 maerenda
1042 1405 1150 1470 saeua

216 1495 334 1575 feeerit,
371 1495 528 1559 omarum
563 1493 660 1557 ariera
695 1494 853 1571 retuderit,
889 1493 1020 1558 uariam
1053 1511 1150 1558 sermm

217 1583 403 1659 hebetaverit,
425 1601 589 1648 nervorum
611 1581 791 1663 firmitatem
811 1581 1008 1663 satrpaeertt:
1030 1581 1103 1646 inter
1119 1599 1150 1656 ea,

217 1691 296 1753 prae
324 1671 425 1748 retati,
456 1670 606 1734 amata
633 1675 689 1748 est,
717 1690 767 1736 res
795 1690 833 1735 ea
864 1671 1008 1736 omuibus
1033 1669 1151 1754 praba

217 1759 319 1824 animi
344 1759 479 1824 maxime
506 1758 636 1823 debeata
658 1763 688 1823 et
706 1759 842 1842 fruatis,
864 1761 1019 1842 taquam
1034 1759 1151 1842 mmm

218 1853 352 1914 senectus
382 1848 524 1912 incurrit.
569 1846 665 1911 Hauc
692 1847 862 1930 aliquando
888 1849 925 1913 ia
953 1869 1005 1914 me
1029 1848 1151 1930 flomisse,

219 1943 255 2002 at
275 1957 340 2002 am
362 1941 484 2002 tamtam
508 1936 551 2000 ad
562 1955 654 2000 asam
676 1935 836 2018 sufficeret,
858 1937 913 2002 sect
933 1937 969 2000 ia
992 1936 1151 2002 miramtm

218 2045 313 2109 usqae
328 2027 511 2109 procederet,
533 2043 597 2089 ma
609 2044 692 2107 nepo.
725 2025 812 2089 Nam
824 2025 885 2091 duo
898 2025 1004 2090 mittio
1017 2026 1152 2090 numiam

218 2115 355 2193 recitata,
377 2135 436 2197 quo
456 2112 564 2179 ardiae
584 2117 676 2178 eram
697 2113 787 2192 data,
808 2113 995 2194 referebam:
1019 2119 1049 2178 et
1067 2112 1101 2178 ab
1118 2110 1151 2182 ris

219 2204 275 2286 qm·
296 2205 340 2268 act
360 2203 547 2268 audiendam
563 2207 789 2284 praeceptorem
805 2207 947 2268 cosmam
969 2203 1152 2274 marmora,

220 2292 357 2374 areales
387 2311 491 2357 ueram
517 2311 539 2356 a
564 2290 697 2373 amatis
723 2293 820 2370 datos,
853 2311 923 2356 eam
947 2291 1059 2374 piures
1083 2307 1153 2371 qma

219 2380 341 2446 ducenti
316 2379 575 2462 t,effleereatur
610 2380 650 2445 ab
686 2381 795 2445 altimo
826 2381 977 2462 dampierre
1010 2401 1099 2462 reque
1126 2375 1155 2440 ud

216 2469 357 2552 primm
370 2468 541 2534 recitabam.
574 2467 640 2533 Nec
657 2469 702 2534 ad
716 2469 936 2571 complectenda
956 2473 1080 2534 tamtam
1080 2483 1155 2549 ‚quur

220 2557 332 2636 vetlem,
363 2557 449 2624 uetm
470 2562 539 2622 erat
526 2555 639 2622 tmibr'
665 2559 823 2636 remorta,
850 2557 1026 2622 sedetiam
1047 2558 1088 2624 ud
1105 2575 1155 2620 corr-

221 2607 354 2725 timendis,
376 2667 455 2728 qaae
477 2650 639 2729 aceepmat.
620 2645 773 2710 tHeec
788 2607 923 2711 Sineres:
947 2668 1033 2731 quae
1055 2661 1155 2744 semper

221 2735 302 2800 mihi
330 2695 491 2800 ririrebilia
521 2756 558 2798 ac
584 2755 686 2818 prope
719 2733 854 2800 dixerim
880 2733 1154 2800 incredibiliavisc

221 2823 748 2924 erant,donecvidi1pse‚·quod
775 2845 941 2910 nunquam
964 2824 1155 2889 credidissem.

220 2875 401 2980 Habibabab
386 2910 581 2976 bPabauii'
571 2932 608 2974 m
627 2911 746 2976 vicinia
767 2933 840 2978 mea
861 2913 959 2977 homo
984 2913 1156 2978 adolescens.

222 3022 338 3086 genere
361 2999 520 3083 Uorsibus,
540 2998 694 3083 honesto,
716 3003 755 3064 ub
781 3000 945 3066 ferebatur
973 3005 1008 3066 eb
1030 2998 1155 3067 credibile

223 3094 301 3174 erat,
331 3091 417 3174 apud
441 3111 516 3154 suos
538 3089 610 3154 loco
633 3091 739 3172 natus,
768 3085 823 3172 qui
846 3111 884 3155 eo
911 3093 1047 3154 venerat
1067 3087 1128 3152 sd
1121 3105 1156 3149 rus

223 3142 314 3242 civ-ise
345 3175 544 3243 disceridum:
578 3197 641 3262 quo
669 3177 748 3240 ins
749 3177 840 3242 tudio
867 3177 914 3242 iba
949 3179 1116 3264 diligenter
1136 3188 1156 3234 a

222 3269 346 3330 attente
330 3287 473 3331 cennos
497 3266 622 3351 aliquot
644 3270 896 3351 consumpserat,
918 3270 954 3332 ut
976 3287 1095 3352 magns
1110 3265 1155 3327 iau

223 3357 309 3419 esset
331 3353 370 3418 de
393 3354 539 3418 doctrine
552 3355 638 3418 illius
652 3354 821 3419 hominum
844 3355 961 3438 opinio
988 3353 1156 3420 ventitabat

225 3447 333 3508 autem
357 3441 424 3507 fere
452 3443 594 3525 quotidie
617 3443 653 3506 in
681 3443 775 3508 aedes
807 3465 895 3509 meas
919 3443 1037 3509 devexo
1059 3444 1118 3508 iam
1136 3446 1157 3500 d

298 3615 318 3686 ¹)
337 3615 420 3685 Hipp.
439 3615 505 3669 mei.
523 3629 589 3686 pag.
608 3621 670 3672 285.
