2360 3944
162 216 182 280 2
553 216 688 272 ORATIO
707 219 728 270 Ι.

161 382 234 423 rum
254 361 293 424 de
310 382 343 424 se
362 361 479 424 iudicia
498 361 697 444 extimescat,
718 363 830 426 cadere
849 384 943 446 posse
962 365 1116 430 videatur.

161 447 293 512 Etenim
308 449 335 511 si
351 450 630 531 eloquentissimos
645 449 721 514 olim
735 451 822 514 viros
836 451 1030 535 accepimus,
1045 475 1118 518 curn

162 536 202 600 ad
222 536 392 600 dicendum
410 537 586 620 venissent,
605 538 700 602 unius
724 539 879 622 principis
898 539 1052 622 adspectu
1071 543 1118 606 ita

162 625 371 689 conturbatos
389 625 502 708 fuisse,
521 629 557 688 ut
573 624 841 690 obmutescerent:
862 628 939 710 quid
952 628 1033 692 mihi
1046 632 1117 693 tan-

161 711 233 775 dem
264 713 364 776 animi
393 735 461 778 esse
493 715 635 796 oportet,
666 715 721 798 qui
750 735 853 797 neque
881 718 1118 798 comparandus

161 801 317 865 cumillis
342 802 473 866 omnino
493 823 577 883 sum,
600 805 633 864 et
655 801 739 884 apud
759 824 817 866 vos
836 803 921 886 dico,
944 801 1118 869 Senatores

161 889 363 973 amplissimi,
386 888 426 952 ad
450 909 529 971 quos
552 910 625 953 cum
644 891 809 954 oculorum
829 893 981 955 converto
1005 893 1118 975 aciem,

160 977 295 1041 totidem
322 977 401 1040 mihi
429 979 614 1042 co'nsessum
640 978 821 1062 principum
843 979 953 1043 videor
974 979 1118 1045 intueri?

160 1064 209 1128 Ac
233 1065 330 1128 ceteri
352 1065 481 1148 quidem
504 1087 598 1150 saepe
622 1066 663 1128 ad
686 1087 757 1130 eam
779 1067 1018 1132 excusationem
1041 1091 1117 1133 con·

160 1153 304 1236 fugiunt,
331 1157 368 1216 ut
391 1175 438 1236 se,
466 1175 539 1217 cum
566 1154 734 1218 tenuitatis
758 1176 833 1218 suae
857 1156 976 1219 conscii
998 1162 1118 1240 essent,

160 1244 270 1305 tamen
287 1243 338 1305 vel
360 1243 551 1314 necessitate
570 1243 621 1306 vel
644 1241 750 1306 officio
773 1243 942 1326 impulsos,
962 1245 1014 1308 vel
1037 1247 1116 1308 ami-

160 1350 271 1394 corum
299 1330 365 1394 sive
392 1330 539 1413 precibus
563 1331 630 1394 sive
652 1333 796 1414 tempore
819 1331 926 1414 aliquo
949 1332 1116 1417 adductos,

160 1417 285 1482 dicendi
304 1439 421 1482 munus
439 1421 592 1484 nontam
611 1419 803 1502 appetivisse
821 1440 918 1502 quam
936 1419 1115 1486 detrectare

159 1527 227 1568 non
253 1507 397 1588 potuisse
424 1506 547 1590 dicant,
579 1528 675 1590 quam
704 1509 807 1570 totam
833 1509 992 1572 rationem
1018 1509 1115 1574 nobis

158 1593 314 1657 hodierno
333 1595 383 1657 dic
401 1594 473 1676 ipsa
494 1596 541 1658 111
563 1598 680 1659 natura
698 1595 903 1678 conditioque
926 1596 1114 1678 praecludit.

157 1678 234 1744 Non
254 1681 340 1744 enim
358 1682 586 1763 detrectantes,
609 1682 664 1746 sed
684 1683 770 1746 ultro
791 1683 884 1746 nobis
903 1683 1115 1766 deposcentes

157 1767 241 1832 hanc
265 1769 392 1833 dicendi
420 1769 632 1854 provinciam,
659 1769 700 1833 111
724 1792 794 1834 cam
816 1793 884 1835 non
906 1771 1018 1835 alicnis
1040 1794 1114 1854 pre·

158 1856 246 1920 cibus
269 1857 413 1941 impulsi,
435 1858 492 1922 sed
509 1861 616 1922 vestra
637 1857 817 1922 incredibili
838 1858 1038 1943 benignitate
1057 1861 1113 1924 ad-

157 1945 247 2010 missi
275 1967 398 2029 sumus,
425 1949 475 2029 ut,
503 1946 530 2009 si
556 1946 663 2010 minus
687 1947 855 2030 exaliqua
881 1949 972 2030 parte
999 1951 1115 2013 nostra

158 2034 250 2098 vobis
278 2035 458 2118 approbata
483 2033 581 2105 fucrit
607 2035 779 2117 industria,
806 2055 919 2100 caussa
945 2035 1035 2099 nulla
1060 2037 1114 2119 sit,

158 2123 236 2203 quin
250 2143 361 2188 omnes
375 2123 590 2187 accusandam
607 2123 715 2206 potius
729 2125 874 2186 nostram
887 2123 1114 2208 temeritatem,

157 2231 255 2290 quam
277 2210 529 2275 imbecillitatem
548 2210 779 2276 sublevandam
797 2213 920 2293 putent
950 2209 1114 2294 Equidem

157 2316 231 2360 cum
254 2300 287 2361 11
309 2297 349 2361 ab
368 2299 501 2364 ineunte
519 2303 639 2382 aetate,
659 2302 730 2363 turn
748 2298 930 2362 domesticis
954 2299 1113 2364 excitatus

157 2385 324 2468 exemplu,
354 2389 424 2454 tum
455 2387 526 2471 ipsa
557 2389 708 2452 hortante
739 2389 870 2469 natura,
900 2387 1114 2452 honestarum

157 2475 275 2536 artium
294 2474 400 2538 studia
419 2476 571 2540 coluerim
594 2479 639 2558 et,
656 2475 712 2550 ubi
732 2475 872 2558 primum
893 2497 951 2558 per
969 2479 1114 2540 aetatem

156 2561 260 2644 licuit,
282 2583 363 2645 quae
386 2563 467 2626 mihi
490 2585 562 2628 meo
585 2564 653 2647 ipse
676 2563 785 2628 labore
807 2585 1007 2647 pepereram,
1037 2564 1112 2628 aliis

88 2684 91 2692 Δ
155 2649 282 2714 tradere
305 2651 485 2735 ingressus,
510 2673 627 2716 novem
651 2672 751 2734 prope
777 2651 843 2714 iarn
865 2673 968 2716 annos
990 2652 1025 2715 in
1047 2652 1113 2716 hac

156 2737 282 2804 dicendi
297 2739 330 2804 et
344 2739 478 2804 docendi
490 2739 717 2804 exercitatione
729 2740 989 2823 consumpserim,
998 2743 1113 2804 tamen

156 2827 322 2912 superiora
349 2828 406 2892 illa
434 2828 641 2892 considerans
668 2827 715 2890 ita
741 2827 965 2892 commovebar
991 2827 1113 2929 anime,

153 2916 249 2982 facile
276 2919 314 2980 ut
339 2917 402 2982 hoc
429 2917 590 3000 potuerim
613 2915 695 2980 abst
686 2936 774 2978 incre
797 2915 945 2999 consili0,
971 2915 1112 2980 nisime

153 3005 218 3070 huc
236 3027 361 3070 summa
379 3005 418 3068 de
432 3007 539 3068 vestra
559 3003 715 3089 singulari
731 3003 933 3068 humanitate
953 3007 1114 3087 concepta

155 3114 228 3176 spes
243 3097 276 3158 11
289 3114 408 3178 magna
422 3093 579 3177 quaedam
597 3091 824 3176 approbandae
842 3091 981 3157 vobis
957 3113 984 3154 s1
1000 3092 1114 3156 minus

155 3180 358 3264 eruditionis,
386 3183 422 3244 at
449 3184 535 3246 certe
557 3180 734 3246 voluntatis
756 3201 847 3244 meae
858 3179 1112 3266 cupiditasim-

154 3267 298 3351 pulissct.

220 3355 269 3420 Ac
297 3355 377 3422 mihi
405 3357 533 3440 quidem
562 3361 596 3422 11
627 3357 716 3422 11111
743 3358 791 3422 111
818 3377 932 3422 caussa
957 3357 993 3420 in
1020 3319 1112 3422 1111111

153 3445 260 3508 locum
283 3445 495 3530 ascenderim,
523 3446 619 3510 etad
643 3467 724 3528 quos
747 3446 845 3510 verba
871 3444 1101 3510 facturussim

155 3532 326 3614 cogitanti,
352 3555 484 3614 prorsus
510 3533 557 3597 ita
578 3533 717 3598 videtur:
747 3534 868 3598 nullo'
859 3555 894 3598 111
917 3496 1113 3618 argumentd
