2330 3944
177 207 221 273 96
556 203 692 258 ORATIO
711 203 758 258 IX.

176 355 239 420 hoc
271 351 551 434 sibi'responsum
582 349 726 413 habeant
756 349 822 412 iam
853 349 929 416 inde
961 349 1001 414 ab
1032 349 1128 414 heroi-

177 443 223 506 cis
259 440 459 524 temporibus
496 437 702 503 coniunctam
737 436 837 502 fuisse
878 437 995 502 harum
1030 460 1128 502 rerum

177 529 424 614 professionem,
468 527 565 611 idque
609 528 661 592 vel
705 527 762 590 illo
809 527 963 611 cognosci
1003 525 1128 592 Homeri

178 620 263 701 loco,
308 619 364 682 ubi
403 617 549 682 Phoenix
590 615 701 680 datum
743 636 777 678 se
817 613 939 679 Achilli
983 637 1003 678 a
1043 614 1128 681 Peleo

178 707 269 790 dicit,
301 711 339 774 ut
369 727 491 772 eume
474 708 650 770 etomate
683 703 787 768 dicere
815 707 849 767 et
875 703 969 768 fortit
955 707 1005 767 ter
1033 703 1129 769 facere

179 757 321 863 doceiet:

272 929 400 989 Todvead
420 951 467 1022 pr
473 931 593 1020 προέηκε
614 930 817 1014 διδασκέμεναι
834 925 903 986 τάδε
923 927 1033 1002 πάντα,

268 1001 383 1059 Μόθων
400 1023 430 1058 τε
450 1000 536 1074 ῥητῆρ’
556 999 654 1073 ἔμεναι
672 997 818 1072 πρηκτῆρά
836 1021 866 1056 τε
886 974 1033 1072 reparas).

180 1149 225 1215 Et
248 1152 346 1232 certe,
375 1150 441 1214 sive
464 1169 541 1213 vera
568 1152 617 1214 est
603 1147 682 1213 tM.
707 1145 768 1212 Oet
753 1148 840 1212 tonis
867 1147 955 1212 illius
984 1149 1132 1232 sapientis

181 1237 340 1322 definitio,
368 1241 529 1303 oratorem
552 1259 621 1304 esse
648 1236 753 1302 virum
780 1237 904 1301 bonurn
931 1237 1061 1302 dicendi
1088 1259 1133 1322 pe·

180 1327 293 1410 ritum,
321 1327 390 1410 q'ui,
417 1327 577 1412 quomodo
600 1325 777 1390 virbonus
799 1325 873 1407 fias,
901 1325 1009 1410 docet,
1035 1328 1133 1410 potio·

181 1437 250 1481 rem
269 1437 306 1482 ac
324 1417 593 1500 praestanciorem
610 1417 736 1499 partem
756 1414 834 1478 artis
854 1414 1015 1480 oratoriae
1034 1415 1134 1498 docet,

182 1505 250 1569 sive
290 1504 499 1570 Aristotelem
539 1505 629 1588 sequi
669 1504 842 1586 malumus,
884 1507 922 1567 ut
963 1505 1134 1588 quamlibet

181 1594 305 1660 bonum
337 1597 499 1658 oratorem
535 1614 604 1658 esse
640 1613 736 1676 posse
773 1591 915 1656 dieamus
954 1593 1055 1656 etiam
1087 1593 1134 1677 qui

182 1681 316 1746 nonsit
343 1681 392 1745 vir
418 1681 536 1758 bonus,
564 1681 670 1744 facere
696 1685 807 1744 tamen
829 1681 1039 1746 nullomodo
1070 1703 1135 1766 pos·

183 1790 307 1852 sumus,
339 1769 419 1852 quin
450 1791 521 1834 eam
552 1771 678 1852 partem
710 1769 948 1854 philosophiae,
981 1791 1047 1853 qua
1078 1769 1136 1835 for-

182 1861 314 1922 mantur
350 1878 469 1942 mores,
509 1857 631 1924 oratori
669 1856 780 1923 futuro
817 1858 1032 1923 necessariam
1074 1881 1136 1924 esse

182 1947 352 2014 fateamur.
401 1945 569 2024 Quomodo
609 1947 696 2029 enim
732 1950 806 2032 epte
847 1949 880 2011 et
919 1947 1050 2031 copiose
1087 1951 1138 2012 aut

182 2037 330 2103 laudabit
357 2041 414 2102 aut
440 2037 649 2123 vituperabit,
680 2036 744 2102 nisi
777 2035 832 2120 qui
863 2035 1021 2100 virtutum
1049 2037 1138 2102 vitio-

183 2148 319 2210 rumque
351 2130 515 2210 natmmn,
547 2148 586 2191 ex
617 2125 732 2210 quibus
761 2124 865 2190 omnis
897 2145 974 2190 vera
1006 2126 1079 2190 leus
1110 2129 1139 2189 et

185 2217 290 2279 omnis
331 2215 524 2296 vituperatio
565 2215 723 2299 nescitur,
764 2213 936 2298 diligenter
977 2215 1140 2300 cognitam

185 2321 223 2366 ae
259 2304 489 2386 pertractatam
529 2302 700 2367 habuerit?
750 2301 918 2378 Quomodo
954 2306 1074 2386 potens
1111 2307 1141 2366 et

185 2387 303 2456 efficax
331 2391 366 2455 in
398 2391 561 2456 suadendo
594 2393 650 2456 aut
682 2389 895 2456 dissuadendo
923 2390 1053 2456 futurus
1086 2396 1141 2475 est,

186 2480 241 2562 qui
269 2491 351 2563 quae
379 2479 518 2546 secundo
546 2479 662 2545 horum
689 2481 845 2545 librorum
873 2479 912 2544 de
943 2481 1018 2544 utili
1044 2484 1141 2564 atque

185 2566 293 2632 inutili
324 2568 510 2653 traduntur,
541 2590 708 2652 nunquam
740 2567 907 2632 didicerit?
950 2567 1035 2645 Quid
1068 2573 1144 2654 aget

185 2654 221 2720 in
243 2657 382 2742 iudiciis,
410 2658 465 2741 qui
490 2658 632 2722 iustitiae
659 2657 899 2743 iniustitieeque
922 2658 1144 2742 cognitionem

186 2765 204 2808 e
231 2746 499 2830 philosophorum
525 2746 672 2812 fontibus
699 2745 828 2810 haurire
851 2746 1051 2832 neglexerit?
1088 2746 1144 2811 An

186 2855 261 2921 ego,
289 2837 316 2900 si
338 2839 506 2920 troporum
529 2857 567 2900 ac
594 2835 793 2899 schematum
816 2836 961 2919 exempla
982 2836 1145 2901 traderem

186 2927 220 2988 et
260 2925 402 3010 quotidie
442 2925 498 2990 illa
537 2923 835 3008 ludimagistrorum
875 2924 997 2988 dictata
1034 2928 1145 2990 canta-

185 3033 268 3100 rem,
301 3015 340 3081 de
368 3015 511 3100 exordio,
539 3013 578 3078 de
606 3013 775 3098 divisione,
804 3012 842 3077 de
870 3013 1071 3098 narratione,
1105 3014 1145 3077 de

186 3104 358 3172 confirmat
343 3105 445 3189 tione,
482 3104 521 3169 de
557 3103 699 3188 epilogo,
736 3101 774 3167 de
802 3101 983 3256 tgeneribus
1015 3123 1145 3168 caussa·

185 3207 272 3276 rum,
308 3193 347 3258 de
380 3194 531 3276 statibus,
568 3192 609 3256 ed
645 3213 727 3276 quae
758 3195 837 3276 puto
870 3192 936 3256 iam
966 3193 1145 3258 multorum

186 3243 325 3344 evdbis
352 3302 447 3345 aures
473 3280 671 3363 occalluisse,
704 3279 777 3363 plus
803 3280 895 3345 vobis
924 3279 965 3344 ad
993 3281 1145 3365 eloquen-

185 3361 268 3430 tiam
303 3367 502 3452 prodessem,
539 3387 637 3450 quam
668 3387 742 3430 cum
773 3372 829 3432 aut
864 3368 965 3434 libros
995 3367 1146 3436 Platonis

241 3557 267 3623 ⁸⁸)
286 3554 366 3609 Iliad.
385 3555 431 3609 IX.
450 3561 510 3611 442.
526 3574 568 3626 sq.
