2360 3944
390 210 526 265 ORATIO
545 211 578 262 ll.
923 211 961 272 ll

100 351 235 436 Equidem
261 375 325 436 quo
348 353 476 438 longius
504 354 537 415 in
564 354 665 416 altum
692 353 824 436 evehor,
850 351 963 416 Patres

55 440 213 524 amplissimi,
239 461 275 504 eo
299 440 379 504 mihi
402 441 539 524 amplior
562 444 595 504 ct
621 441 784 524 patentior
807 441 962 506 orationis

54 529 119 609 quasi
138 549 237 592 cursus
260 529 448 592 ostenditur.
485 527 547 593 Sed
570 531 603 592 et
624 530 778 613 temporis
797 549 848 592 me
870 530 963 613 ratio,

53 621 74 677 ct
83 619 169 679 vestra
181 617 349 700 singularis
363 618 534 700 sapientia,
551 620 589 681 ut
603 617 674 683 vela
688 615 877 681 contraham
890 639 962 700 por-

52 709 150 786 tumque
166 705 291 768 tandem
311 705 483 788 aliquando
502 705 684 788 respiciam,
702 709 821 769 monet.
849 703 962 788 Neque

51 791 112 854 euim
130 792 269 856 credibile
292 797 353 875 est,
375 815 470 876 posse
485 798 541 856 aut
559 813 610 856 mc
629 796 686 856 aut
709 814 901 876 quemquam
924 793 962 856 de

51 879 192 943 litterarum
216 882 415 964 praestantia
441 881 675 964 fructibusque,
704 881 759 964 qui
787 901 825 944 ex
853 901 963 943 earum

51 969 202 1032 tractatione
229 969 413 1053 capiuntur,
439 969 605 1034 vobiscum
631 969 745 1032 melius
773 972 829 1033 aut
856 969 962 1052 copio-

51 1055 95 1117 sius
113 1078 197 1138 quam
218 1077 478 1141 unumquemque
504 1062 647 1121 vestrum
670 1077 779 1121 secum
801 1057 903 1139 loqui3
931 1060 963 1119 ct

50 1142 105 1205 nihi
115 1165 172 1208 non
184 1148 250 1208 tam
265 1146 420 1210 orationis
435 1145 653 1230 conquirenda
671 1145 764 1228 copia
785 1148 847 1226 est,
867 1166 963 1226 quam

50 1235 126 1294 vestra
145 1234 270 1297 satietas
289 1234 487 1319 refugienda.
523 1233 637 1316 Itaque
655 1234 752 1297 finem
772 1233 897 1297 dicendi
915 1231 962 1294 fa·

50 1317 116 1402 ciam,
139 1320 238 1385 sivos
262 1321 351 1405 prius
375 1323 472 1386 etiam
496 1324 591 1405 atque
615 1322 711 1385 etiam
733 1342 904 1405 rogavero,
927 1323 964 1383 ut

50 1405 67 1466 si
82 1405 149 1471 forte
170 1409 274 1473 minus
298 1431 317 1473 a
339 1431 391 1473 mc
414 1415 528 1474 ornate
551 1431 588 1473 ac
611 1410 738 1492 copiose
762 1409 963 1492 dictumest,

50 1514 117 1573 quam
128 1499 156 1558 et
175 1497 270 1561 huius
293 1498 356 1562 loci
375 1498 553 1581 amplitudo
572 1501 605 1560 et
623 1517 747 1560 summa
766 1497 965 1560 audientium

49 1580 154 1663 dignitas
178 1586 379 1668 postulabat,
405 1607 512 1649 meum
538 1589 648 1648 tamen
674 1585 793 1648 idcirco
815 1584 963 1667 placendi

49 1669 112 1732 ubis
134 1673 271 1737 studium
293 1695 335 1738 ne
360 1674 558 1758 improbetis.
594 1671 666 1756 Ego
695 1673 824 1756 quidem
846 1673 874 1736 si
896 1693 964 1736 nou

49 1755 162 1842 indiguus
184 1783 203 1825 a
224 1763 332 1845 vobis,
355 1763 410 1846 qui
434 1761 561 1845 saepius
584 1761 710 1843 audiar,
733 1761 867 1844 iudicer,
895 1761 963 1842 erit,

50 1847 107 1924 quod
121 1849 191 1913 mihi
210 1871 408 1935 magnopere
431 1851 586 1935 gratuler3
609 1849 660 1912 siu
682 1850 823 1913 forte-
843 1848 899 1912 sed
917 1869 963 1911 re·

49 1933 148 2012 prinam
168 1959 232 2020 me,
260 1959 365 2020 neque
388 1939 600 2020 committam,
627 1941 664 2000 ut
686 1939 766 2001 meis
788 1937 858 2020 ipse
880 1937 963 1999 votis

49 2019 126 2085 uidear
148 2026 229 2088 male
254 2025 404 2108 ominari3
432 2026 487 2108 qui
513 2030 624 2088 tamen
647 2047 667 2087 a
692 2029 756 2106 tot,
783 2027 852 2086 tam
874 2043 964 2106 prae·

49 2105 114 2172 claris
131 2112 217 2196 viris,
240 2117 336 2176 tanta
357 2113 559 2197 benignitate
573 2112 701 2176 auditus
723 2112 853 2193 fuerim,
875 2130 964 2194 mag·

47 2213 101 2258 num
119 2201 191 2263 mihi
213 2223 283 2265 non
304 2201 400 2264 huius
424 2201 519 2265 modo
542 2202 676 2284 laboris,
703 2199 758 2264 red
785 2199 886 2263 totius
909 2219 964 2261 an-

46 2283 137 2350 teactae
156 2289 241 2352 vitae
264 2289 405 2353 fructum
426 2288 583 2354 hodierno
606 2289 657 2353 die
679 2293 786 2353 vestro
810 2287 965 2371 singulari

46 2367 164 2440 beneficio
186 2377 299 2441 videor
321 2381 520 2442 consecutus.
547 2391 633 2440 nm.

409 2569 567 2582 ..unu-n·-

42 2723 77 2783 lla
98 2728 306 2790 calamanus
328 2730 381 2792 Ac
407 2731 685 2791 PRAESTANTIA
708 2727 966 2788 LITTERARUM

68 2815 326 2879 HUMANIORUM
348 2819 553 2878 ADVERSUS
576 2818 764 2888 QUOSDAM
786 2817 926 2877 EARUM

325 2905 651 2966 VITUPERA'I'ORES

340 3041 552 3126 ORATIO
584 3042 641 3124 Il.

75 3193 181 3238 HABITA
195 3198 341 3242 VENERIS
355 3197 515 3241 rossanam
527 3199 596 3241 NON.
610 3197 710 3240 OO'POB.
723 3197 808 3241 ANNO
821 3197 913 3240 MDIN.

85 3335 262 3405 Permultos
275 3361 345 3404 esse
358 3341 519 3426 intelligo,
539 3342 594 3425 qui
612 3342 717 3405 dehis
735 3342 866 3426 litteris,
885 3363 966 3425 quae

38 3415 220 3494 humaniores
243 3432 413 3512 vocantur,
436 3429 634 3493 semanimo
657 3430 812 3494 imbibere
840 3435 967 3494 senten-

36 3508 107 3596 tiam,
129 3520 165 3580 ut
188 3537 300 3581 earum
322 3518 549 3582 tractationem
570 3518 640 3582 leve
663 3518 815 3601 quiddam
838 3537 907 3582 esse
930 3539 968 3582 ac
