2328 3956
326 207 506 262 EPISTOLA
524 207 635 263 XXXV.
922 209 963 274 51

36 355 55 418 si
77 353 183 436 vivam,
209 353 284 417 istie
310 372 395 418 vero.
440 351 509 418 Vos
541 353 755 438 inteream,
782 357 820 419 ut
850 354 966 440 facitis,

33 441 157 506 amabitis
189 444 222 504 et
248 440 290 505 ad
316 461 368 504 me
396 440 554 523 scribetis,
582 442 638 505 ubi
666 442 868 508 commodum
897 445 965 508 erit.

34 530 88 614 llgo
111 551 165 594 sos
191 529 335 593 vicissim
366 530 495 612 amabo,
523 529 562 592 de
593 529 686 595 vobis
719 531 904 615 saepissime
934 535 967 595 et

33 617 158 702 cogitabo
182 621 216 682 et
237 617 365 702 loquar;
389 616 508 702 siquid
531 617 600 702 erit,
624 618 710 704 quod
724 622 831 684 vestm
854 641 967 684 caussa

33 708 132 770 efficere
153 705 291 790 possim,
314 705 454 770 studiose
478 708 574 792 atque
598 708 699 772 amiee
721 709 832 772 emnia
853 730 967 792 prouu-

31 796 99 860 rabo.
141 794 233 859 Vale.
255 793 387 860 Romae.
410 811 455 860 ix.
474 794 609 860 Kalend
631 794 702 860 Iun.
724 813 855 861 mnan.
883 795 966 861 Mar·

31 885 91 948 cello
111 882 242 949 Vestiio
264 880 306 967 S„
329 883 384 968 qui
406 884 504 948 etiam
526 904 598 948 meo
621 884 759 970 nomine,
781 885 845 949 nisi
868 886 967 950 mole·

32 977 97 1036 etun
128 975 191 1056 est,
218 971 355 1036 Paulum
381 971 557 1038 Aemilium
585 971 777 1039 Comensem
805 973 968 1038 salutabit.

30 1061 143 1144 Vereor,
170 1081 214 1125 ne
237 1060 278 1126 ad
303 1063 337 1126 te
364 1062 505 1144 perlatae
532 1081 600 1128 non
627 1062 693 1128 sint
719 1062 859 1147 litterae,
887 1083 968 1147 quas

31 1150 84 1232 ipso
112 1170 185 1214 meo
206 1149 311 1214 natali
334 1148 385 1214 die
408 1150 606 1236 scripseram.
615 1148 640 1234 ¹)
685 1147 785 1218 Nulla
816 1151 902 1217 enim
934 1151 969 1214 in

30 1240 78 1303 tuis
98 1259 209 1304 earum
232 1238 363 1304 mentio.

412 1415 569 1432 ..n———q

424 1534 558 1605 XXXV.

207 1663 258 1739 M„
285 1663 529 1738 ANTONIUS
555 1661 780 1738 MURETUS

247 1798 475 1857 AIAEXANDRO
494 1797 642 1857 RIPARIO
662 1799 732 1858 SUO

446 1907 469 1951 Β.
482 1909 506 1950 P.
520 1908 548 1950 1).

77 2017 198 2084 Dulees
226 2017 352 2083 litterae
373 2021 463 2102 tuae,
484 2020 522 2082 ut
545 2015 667 2102 omnia,
693 2037 774 2102 quae
797 2037 818 2082 a
838 2017 872 2080 te
899 2035 972 2100 pro·

26 2106 214 2192 ficiscuntur,
242 2107 304 2172 etsi
325 2107 360 2171 in
388 2108 434 2172 eis
465 2107 568 2172 multa
594 2127 794 2192 peccaveras.
840 2102 903 2170 Sed
935 2108 972 2169 ut

25 2195 99 2260 filioli
130 2196 354 2262 balbutientes
389 2196 528 2260 libenter
563 2194 737 2259 audiuntur
769 2215 788 2258 a
818 2193 975 2278 patribus,

26 2289 151 2370 suntque
177 2305 291 2351 eorum
305 2285 403 2349 etiam
418 2285 481 2368 ipsi
496 2304 618 2348 errores
633 2283 806 2367 voluptati:
826 2283 872 2348 sie
895 2282 975 2346 mihi

24 2371 74 2437 ista
98 2379 160 2440 tua
184 2373 221 2438 in
247 2373 365 2438 litteris
392 2373 531 2438 infantia
552 2371 783 2438 iucundissima
805 2375 863 2436 est
908 2371 975 2436 Eas

24 2462 96 2543 ipsas
128 2463 173 2527 ad
204 2465 238 2526 te
269 2461 400 2528 remitto
431 2482 505 2526 mea
534 2481 633 2526 manu
665 2461 861 2525 emendatas.
906 2458 975 2524 Seis

24 2551 96 2616 enim
117 2552 170 2616 ita
198 2551 366 2616 internos
393 2549 590 2616 convenisse.
636 2548 700 2634 Tu,
726 2550 772 2614 mi
794 2548 977 2614 Alexander

25 2639 200 2706 dulcissime
234 2661 271 2704 ae
304 2638 506 2723 suavissime,
543 2659 676 2724 sequere
712 2657 831 2722 magno
868 2637 976 2701 animo

25 2748 81 2793 eam
104 2730 211 2812 viam,
241 2728 282 2793 ad
305 2749 402 2812 quam
425 2731 458 2792 et
483 2731 541 2792 tua
562 2730 595 2791 te
621 2729 740 2791 natum
766 2725 830 2788 fert
857 2729 890 2789 et
916 2744 976 2808 ego

23 2817 72 2880 tibi
100 2818 258 2882 hortatur
285 2819 381 2902 atque
408 2816 564 2901 impulsor
595 2815 652 2879 lin'.
696 2813 850 2898 Magnam
878 2812 917 2904 de
944 2817 977 2876 te

24 2925 101 2988 spem
123 2927 204 2970 meo
227 2905 415 2971 testimonio
439 2905 525 2989 apud
547 2907 697 2988 parentes
716 2906 790 2968 tuos
805 2901 996 2990 concitavi:¹

23 3016 92 3076 quae
119 3016 165 3060 ne
197 2997 230 3058 et
262 3014 317 3059 eos
345 2997 378 3058 et
407 3012 459 3058 me
490 2992 596 3074 fallat,
630 2991 718 3057 omni
749 2991 810 3054 tibi
837 3012 913 3054 eura
941 3011 978 3053 ae

24 3084 118 3148 studio
142 3081 382 3169 providendum
406 3085 463 3148 est.
502 3079 593 3146 Vale.
615 3078 720 3146 Nonis
743 3077 826 3144 Iulii.
850 3077 978 3144 Tibure.

21 3187 144 3238 maxx,

84 3347 103 3417 ¹)
123 3346 181 3418 Ep.
202 3349 246 3402 34.

423 3452 571 3464 ψ
