2330 3944
183 169 248 234 136
541 169 677 224 ORATIO
696 169 770 224 XIV.

180 313 244 379 hoc
265 315 428 397 instituto,
455 336 558 397 neque
581 314 713 398 cognitu
735 313 865 376 inutiles
886 313 1058 376 iudicatum
1076 314 1116 376 iri.

181 401 296 466 Dicam
323 403 408 467 enim
435 403 473 466 de
496 402 636 485 po'e‘ticcs
663 401 764 484 ipsius
791 404 907 464 natura
933 401 1068 484 primum
1091 406 1117 464 ct

182 491 387 574 antiquitate,
413 493 483 554 tum
506 489 676 573 suavitate,
704 492 736 552 et
763 489 839 572 quid
867 489 920 572 sit,
949 489 1033 572 quod
1059 511 1117 552 eam

181 581 350 661 tantopere
383 599 512 641 suavem
543 577 674 659 efficiat,
706 598 847 660 quasque
878 577 934 640 illa
965 577 1118 640 hominum

182 668 293 749 generi
323 666 478 730 utilitates
510 668 542 728 et
574 665 717 728 attulerit
748 666 781 729 et
810 668 967 747 perpetuo
996 665 1118 746 adferat,

182 753 295 817 deinde
319 753 473 837 quasdam
494 751 679 816 Aristotelis
702 752 740 816 de
763 752 853 836 podsi
876 774 912 816 ac
934 753 1039 836 potitis
1061 774 1118 816 sen-

180 841 314 925 tentius,
345 863 426 924 quae
453 843 583 924 propter
609 841 709 924 ipsius
738 841 963 904 auctoritatem
991 841 1118 904 omnium

180 929 335 993 terciam
358 929 473 993 animis
499 929 699 1012 insederunt,
725 929 859 992 tentabo
887 931 919 992 et
947 929 990 992 ad
1017 929 1118 1011 disqui-

182 1018 331 1082 sitionem
353 1016 488 1098 vocab03
510 1020 672 1101 postremo
695 1037 768 1080 cum
787 1019 821 1080 et
843 1016 882 1078 de
900 1015 1039 1102 Virgilio
1060 1017 1119 1099 ipso

182 1109 215 1168 et
233 1105 271 1168 de
289 1105 364 1188 hoc,
383 1105 468 1187 quod
486 1105 580 1168 nobis
598 1105 633 1168 in
651 1104 800 1168 manibus
818 1107 880 1187 est,
898 1103 968 1168 eius
985 1107 1119 1187 poemate

180 1213 284 1275 pauca
312 1193 468 1276 quaedam
496 1193 537 1256 ad
563 1193 663 1276 ipsius
690 1192 881 1276 dignitatem
908 1213 947 1255 ac
975 1213 1117 1256 commen-

182 1279 344 1344 dationem
366 1281 561 1364 pertinentia
582 1280 760 1364 protulero,
783 1279 911 1344 mittam
937 1280 1119 1362 concionem,

181 1389 284 1451 neque
308 1370 519 1451 committam,
547 1372 584 1432 ut
605 1369 705 1432 nimia
731 1367 934 1452 longitudine
963 1371 1021 1432 aut
1041 1368 1118 1432 vobis

180 1457 346 1520 molestiae
366 1457 439 1540 sim,
460 1460 516 1520 aut
534 1456 618 1539 aliis,
638 1456 692 1538 qui
710 1458 786 1539 post
798 1477 849 1520 me
867 1457 903 1520 in
921 1455 1011 1521 huno
1027 1457 1116 1520 locun

182 1547 387 1608 conscensuri
410 1549 499 1626 sunt,
521 1544 758 1629 impedimento.

246 1631 410 1695 Po‘e'ticam
440 1635 575 1715 veteres,
607 1635 644 1695 ut
673 1632 750 1695 hinc
781 1631 940 1716 exordiar,
972 1635 1119 1698 nontam

180 1721 283 1781 artem
311 1739 379 1782 esse
411 1740 507 1800 quam
529 1719 750 1782 incitationem
778 1720 940 1803 quandam
968 1721 1065 1785 animi
1094 1721 1118 1782 et

179 1805 323 1870 furorem
350 1806 502 1871 divinitus
529 1807 721 1890 immissum,
753 1808 856 1890 qualis
889 1809 998 1872 estin
1024 1807 1118 1872 vatici·

179 1894 348 1978 nantibus,
383 1895 573 1958 iudicarunt.
619 1893 711 1970 Quod
747 1895 794 1958 ita
830 1897 988 1978 expressit
1024 1895 1119 1960 Cicero

180 2005 239 2066 pro
267 1980 439 2068 Archia*):·
480 1981 533 2048 Sic
559 2003 581 2046 a
610 1984 739 2048 summis
764 1983 937 2048 cominius
962 1985 1119 2049 erardtttssi-

179 2073 296 2153 mtsque
318 2073 499 2154 compitum,
516 2076 692 2140 ,ceterorum
713 2091 817 2134 reram
843 2073 947 2136 stadia
967 2079 1000 2137 et
1024 2073 1119 2137 doctu-

179 2179 223 2222 ua
245 2165 274 2222 et
288 2161 457 2240 praeceptis
479 2164 508 2223 ct
527 2165 594 2222 orte
615 2164 763 2236 maduca
781 2165 904 2240 potitam
924 2167 1043 2226 natura
1062 2163 1119 2242 apso

179 2248 291 2321 valae,
327 2252 355 2310 et
385 2248 494 2310 meotis
523 2248 640 2312 viritas
671 2249 809 2326 excitari,
845 2253 874 2312 et
904 2253 996 2330 quasi
1030 2251 1119 2313 dioillo

178 2335 311 2413 quodum
337 2335 449 2414 spirita
475 2333 592 2414 afflari.
629 2333 673 2398 nt
701 2336 786 2419 apud
809 2331 945 2401 eundem
967 2337 1119 2401 Antonius

179 2421 233 2484 lib.
260 2420 301 2483 ΙΙ.
330 2421 368 2484 de
397 2420 587 2507 Oratore**)
615 2423 677 2488 hoc
707 2424 812 2507 ipsum
840 2447 859 2488 a
885 2425 1069 2490 Democrito
1094 2425 1120 2486 ct

179 2530 200 2570 a
226 2507 360 2572 Platone
387 2510 422 2572 in
450 2511 576 2594 scriptis
607 2512 754 2575 relictum
786 2533 854 2576 esse
886 2513 970 2576 dicit.
1013 2514 1060 2577 Ac
1088 2511 1119 2574 de

178 2594 364 2660 Democrito
388 2598 516 2680 quidem
540 2599 610 2662 aliis
633 2600 799 2664 credamus
821 2605 1036 2685 necesseest,
1058 2621 1120 2664 cum

179 2684 279 2766 ipsius
309 2685 427 2769 scripta
455 2687 623 2770 perierint,
651 2687 735 2770 apud
757 2687 927 2752 Platonem
950 2693 1057 2753 autem
1081 2689 1120 2749 ita

179 2773 288 2836 multis
311 2773 391 2838 loeis
413 2773 475 2838 hoc
498 2775 628 2858 dicitur,
650 2779 687 2838 ut
708 2776 856 2858 putidum
880 2776 935 2860 sit,
962 2798 1017 2842 eos
1040 2797 1119 2840 accu-

178 2861 280 2925 ratius
299 2883 494 2945 percensere.
523 2861 585 2926 Sed
604 2866 637 2926 et
654 2867 767 2946 potitae
786 2865 848 2948 ipsi
866 2864 927 2928 hoc
948 2864 987 2928 de
1006 2887 1039 2930 se
1056 2884 1120 2949 pro·

177 2949 310 3014 fitentur
333 2971 370 3014 ac
392 2951 592 3035 praedicant3
616 2972 751 3033 quorum
775 2956 851 3016 sunt
872 2952 941 3016 illa:

301 3052 355 3106 Est
372 3053 449 3107 Deus
467 3055 498 3106 ic
516 3053 608 3108 uotis:
627 3055 749 3123 opttoote
767 3055 924 3109 calescimus
941 3057 998 3112 illo.

337 3123 453 3178 Sedibus
471 3125 596 3179 aetheriis
613 3126 728 3193 spiritus
745 3125 792 3178 illc
808 3127 960 3194 cenit***);

178 3212 344 3294 multaque
372 3213 412 3276 ad
444 3212 580 3276 eundem
607 3213 751 3297 modum,
783 3219 816 3279 et
841 3215 999 3282 Pindarus
1030 3236 1066 3279 eo
1091 3233 1120 3275 se

176 3297 367 3381 Bacchylidi
403 3301 584 3384 anteponit,
625 3302 710 3384 quod
746 3302 814 3386 ipse
852 3304 980 3386 quidem
1013 3307 1120 3368 natum

232 3490 257 3556 *)
277 3493 301 3541 8.
323 3491 363 3540 18.
439 3487 542 3555 **)4o.
564 3493 622 3542 194.
694 3492 751 3560 ***)
771 3491 850 3546 Ovid.
869 3493 945 3548 Fast.
964 3494 1010 3550 VI.
1029 3500 1052 3548 5.
