2330 3944
390 203 526 260 ORATIO
546 205 607 261 XV.
912 207 975 273 149

41 349 133 414 uduae
156 351 189 412 et
212 348 324 412 effetae
342 348 408 412 iam
428 349 576 414 dominae
594 350 841 436 insultantibus,
864 352 976 439 editas,

40 443 92 502 tam
111 437 211 502 multa
238 440 349 501 tamen
375 437 462 502 illius
491 439 642 523 antiquae
665 441 794 506 uirtutis
818 442 975 506 00111010-

40 527 114 592 statis
147 529 361 592 mouumenta
397 526 539 610 quotidie
575 528 762 594 intuemur?
812 528 865 594 An
902 552 976 596 oum

39 622 91 678 tan
112 615 233 680 multos
258 615 446 700 ingeniosos
474 619 507 680 et
529 617 671 682 eruditos
699 617 846 682 homines
869 618 904 681 in
927 640 975 683 re-

39 703 209 768 motissimis
239 704 390 788 gentibus
422 707 518 770 natos
549 708 617 770 tam
648 705 829 791 longinqua
858 707 976 772 itinera

40 792 193 876 suscipere,
223 795 334 856 tantos
367 795 518 877 sumptus
547 793 668 878 facere,
699 798 767 859 tam
798 795 909 860 multis
942 818 975 860 se

39 881 183 945 laboribus
199 899 248 944 ¹ac
274 881 425 965 periculis
452 903 611 966 exponere
638 882 817 968 videamus,
848 888 885 948 ut
911 883 976 948 Ro·

39 991 107 1032 mam
127 969 275 1052 rideant,
297 970 382 1053 quod
405 971 452 1034 ita
474 971 619 1036 iudicant
647 993 680 1035 se
707 973 821 1037 melius
846 994 883 1038 ac
905 995 976 1057 per·

38 1057 132 1122 fectus
154 1057 327 1123 historiam
348 1058 531 1124 Romanam
553 1060 787 1144 intellecturos,
815 1061 842 1125 si
869 1062 976 1144 ipsum

39 1146 108 1210 urbis
134 1147 248 1231 situm,
275 1147 347 1230 ipsa
374 1148 517 1232 moenia,
548 1149 636 1232 ipsas
663 1153 808 1214 veterum
835 1171 977 1234 01000111,

39 1237 238 1318 tropaeorum,
255 1236 450 1319 templorum
468 1238 614 1321 quamvis
631 1238 753 1303 laceras
775 1241 809 1302 et
827 1237 976 1303 disiectas

40 1323 184 1408 reliquias,
211 1324 284 1388 illos
312 1328 363 1388 tot
390 1325 468 1390 olim
495 1326 685 1392 nobilitatos
712 1327 855 1392 victoriis
879 1329 976 1392 colles

40 1411 170 1476 viderint:
194 1433 270 1497 nos,
293 1413 409 1496 quibus
433 1415 545 1480 otiosis
568 1415 649 1480 haec
672 1416 781 1480 omnia
807 1416 843 1478 in
866 1415 976 1479 oeulos

40 1501 145 1564 assidue
171 1500 356 1586 incurrunt,
383 1523 491 1568 rerum
513 1503 735 1568 Romanarum
758 1503 977 1588 cognitionem

40 1589 244 1674 negligemus?
281 1589 424 1666 Quarum
446 1614 504 1676 per
527 1614 560 1656 se
588 1595 681 1656 tanta
708 1592 891 1676 pulcritudo
919 1595 978 1675 est,

40 1683 67 1739 ut
85 1679 190 1763 etiam,
214 1679 242 1744 si
261 1679 381 1763 scripta
399 1684 508 1744 essent
524 1681 656 1746 horrido
676 1681 784 1765 aliquo
803 1685 836 1746 et
853 1681 976 1745 inculto

41 1767 174 1830 orationis
199 1787 330 1852 genere,
352 1773 465 1852 suapte
488 1772 598 1833 tamen
624 1770 658 1834 11
679 1770 847 1834 hominum
871 1769 978 1833 studia

40 1855 204 1919 excitarent.
240 1854 363 1921 Nactae
387 1861 495 1922 autem
518 1861 595 1922 sunt
617 1858 773 1923 eiusmodi
796 1858 978 1941 scriptores,

41 1943 82 2024 qui
105 1964 326 2028 quameunque
355 1945 416 2010 sibi
445 1946 605 2014 scribendi
631 1947 801 2010 materiam
824 1945 977 2029 sumpsis-

42 2035 108 2114 sent,
132 2033 315 2118 dignissimi
341 2037 451 2100 tamen
479 2035 585 2100 studio
612 2038 746 2120 propter
773 2034 880 2118 ipsum
903 2033 978 2098 scri-

42 2117 120 2185 bendi
140 2141 244 2206 genus
266 2121 416 2188 fuissent.

89 2207 161 2274 Non
186 2210 274 2274 enim
296 2215 405 2295 potest
428 2211 598 2296 quisquam
621 2211 725 2276 dicere
747 2211 783 2274 in
806 2211 979 2295 scriptores

40 2316 127 2362 rerum
143 2297 367 2366 Romanarum
388 2301 532 2384 intuens,
555 2322 611 2365 cur
633 2301 713 2368 haec
734 2303 829 2366 tanta
846 2301 979 2386 ingenia

41 2405 64 2448 se
82 2387 206 2472 dignius
230 2388 360 2472 aliquod
388 2389 548 2454 scribendi
576 2393 804 2474 argumentum
826 2410 895 2454 non
917 2390 979 2453 ele-

42 2475 158 2555 gerunt?
199 2497 305 2560 neque
335 2499 446 2542 rursus
477 2477 571 2562 illud,
603 2499 660 2542 cur
690 2499 741 2542 res
772 2481 841 2542 tarn
874 2478 979 2541 clarae

41 2563 151 2646 lamque
179 2565 322 2630 illustres
354 2587 422 2630 non
447 2566 483 2630 in
510 2567 634 2650 aliquos
665 2565 889 2650 magnitudine
921 2587 981 2630 sua

43 2647 137 2734 dignos
160 2654 335 2738 scriptores
357 2653 561 2719 inciderunt?
593 2654 646 2719 Ita
663 2676 770 2719 rerum
788 2653 979 2744 magnitudo

42 2741 219 2817 praestantia
245 2742 377 2827 ingenia
404 2744 562 2826 evocavit,
594 2743 787 2826 scriptorum
813 2746 979 2826 praestan·

43 2824 76 2888 fia
100 2851 207 2896 rerum
237 2831 496 2916 magnitudinem
528 2831 729 2915 adaequavit.
769 2830 852 2906 Quid
884 2829 980 2914 enim,

42 2916 69 2978 ut
85 2922 202 2984 ceteros
229 2920 265 2984 in
292 2941 446 3003 praesens
474 2920 635 3004 omittam,
662 2921 750 3004 ipsos
773 2919 869 2984 modo
892 2919 980 3001 prin-

44 3001 109 3085 sipes
130 3007 309 3092 nominem,
333 3011 389 3072 aut
411 3007 564 3073 Sallustio
588 3009 718 3095 gravius
742 3028 780 3071 ae
802 3006 980 3090 nervosius,

45 3093 85 3154 aut
102 3091 191 3162 Livio
216 3096 371 3180 grandius
394 3097 593 3182 et·uberius,
616 3101 673 3162 aut
692 3095 804 3160 Tacito
828 3094 980 3179 pressius,

44 3180 224 3268 prudentius,
246 3185 404 3270 limatius,
426 3186 515 3250 omni
538 3207 577 3250 ex
599 3189 691 3270 parte
714 3184 887 3270 perfectius
909 3183 980 3248 fieri

45 3271 150 3344 potest?
191 3270 290 3339 Cuius
318 3275 451 3339 annales
484 3275 637 3358 quoniam
668 3275 731 3340 huc
761 3295 861 3358 anno,
894 3273 980 3356 quod

45 3348 112 3420 Deus
137 3359 280 3427 faustum
312 3383 350 3427 ac
381 3363 459 3426 felix
491 3383 561 3428 esse
592 3363 684 3447 velit,
715 3363 882 3428 vobiscum
913 3383 980 3424 una
1010 3373 1014 3382 “

46 3451 184 3514 conmuni
216 3451 322 3515 studio
355 3452 514 3536 01011010,
545 3451 694 3535 viamque
726 3451 818 3516 vobis
851 3449 891 3512 ad
923 3468 979 3511 eos

45 3525 150 3601 facilius
180 3537 422 3626 intelligendos,
457 3544 495 3605 ut
525 3544 654 3624 potere,
689 3539 814 3623 praeire
846 3534 980 3618 decrevi,
