2360 3944
420 139 556 195 oanrro
575 141 608 194 11.
741 207 746 216 ι
951 142 990 205 17

72 305 124 346 esse
149 286 328 368 mterpretes
360 257 554 369 gloriantur,
584 307 653 349 non
678 288 820 370 tantum,
851 290 889 350 ut
916 290 990 351 ante

72 371 129 452 diri,
151 371 182 434 in
202 372 348 437 omnibus
371 373 498 456 scriptis
527 372 592 436 suis
615 373 790 438 identidem
822 377 992 458 pottarum

72 460 231 524 testimoniis
253 461 370 542 utitur,
391 482 503 525 verum
526 461 624 524 etiam
646 462 729 526 libro
752 463 856 546 primo
880 463 919 527 de
943 485 990 527 sa·

71 547 165 630 pianda
190 547 416 632 philosophum
445 569 573 614 ornnem
601 548 785 614 fabularum
815 555 991 617 amatorem

19 635 21 710 l
70 656 121 698 esse
145 636 314 700 confirmat.
368 635 460 712 Quod
489 637 589 722 igitur
615 636 828 703 Aristoteleos
858 661 926 704 esse
958 661 990 704 se

19 715 21 806 1
70 722 149 806 aiunt,
165 723 298 788 fortasse
313 726 432 810 verius,
451 726 520 790 sine
535 725 631 790 dubio
647 726 775 810 quidem
788 727 990 791 verisimilius

70 811 195 895 dicerent,
217 813 243 876 si
266 803 308 876 sa'
324 813 364 876 ab
385 811 526 897 Epicuro
550 835 618 877 esse
642 813 850 878 affirmarent.
895 813 991 878 Hunc

19 883 21 956 l
71 899 134 961 enirn
153 921 188 962 ex
213 901 301 965 omni
327 902 482 966 memoria
509 923 609 965 unum
635 901 736 966 fuisse
763 901 992 986 philosophum
1050 965 1051 972 ,

19 987 21 1078 j
70 987 229 1072 accepimus,
256 989 314 1072 qui
340 1010 413 1052 cum
440 1011 568 1054 ornnem
595 991 789 1074 elegantiam
819 990 992 1074 doctrinae,

19 1081 21 1148 l
70 1077 120 1136 turn
133 1079 293 1158 potiturum
311 1078 480 1162 praecipue
500 1078 619 1161 scripta
638 1081 865 1144 contemneret.
899 1077 993 1154 Quod

19 1159 21 1224 l
69 1161 169 1243 quidem
185 1186 217 1228 se
230 1165 434 1250 negligendis
453 1166 557 1249 poetis
571 1188 610 1229 ex
623 1164 808 1231 Aristotelis
823 1163 992 1250 disciplina

70 1271 95 1312 aa
109 1250 216 1316 familia
230 1253 354 1317 censeri
367 1253 494 1338 volunt,
511 1253 546 1317 in
565 1275 616 1337 e0,
634 1276 705 1319 meo
721 1255 848 1338 quidem
866 1255 993 1336 iudicio,

19 1367 21 1436 p
68 1337 165 1402 faciunt
181 1343 212 1404 et
230 1341 435 1425 impudenter
453 1346 486 1405 et
503 1342 658 1426 imperite.
693 1341 740 1406 At
758 1343 843 1406 enim
861 1343 894 1406 id
913 1343 993 1406 mihi

19 1439 21 1508 ς
68 1423 114 1488 hoc
134 1431 272 1512 ternpore
298 1430 501 1513 propositum
523 1452 591 1494 non
614 1434 675 1513 est,
702 1434 740 1494 ut
763 1430 801 1493 de
824 1434 993 1514 podtarum

19 1509 21 1574 ἵ
68 1511 138 1578 laude
151 1515 264 1600 dicam3
284 1518 370 1601 quod
387 1519 414 1582 si
428 1521 525 1602 esset,
542 1518 637 1582 facile
652 1518 866 1601 ostenderem,
885 1520 993 1583 omnia

19 1587 21 1696 l
69 1608 209 1687 praecepta
234 1605 336 1690 vitae,
368 1607 478 1671 omnia
504 1606 660 1670 virtutum
688 1606 795 1671 officia
821 1607 923 1671 nihilo
953 1609 992 1671 ab

19 1701 21 1778 ξ
70 1688 100 1752 cis
115 1690 256 1779 deterius,
281 1715 377 1777 quam
395 1717 415 1759 a
432 1695 633 1779 philosophis
651 1695 743 1779 ipsis,
762 1695 877 1760 doceri.
917 1693 993 1759 Non

19 1787 21 1846 i
69 1777 155 1862 igitur,
171 1803 242 1845 cum
262 1785 431 1866 potitarum
448 1783 548 1848 libror
562 1785 824 1868 interpretamur,
841 1782 993 1847 inanibus

19 1853 21 1888 ¹
70 1863 166 1932 fabellis
178 1870 342 1934 nutricum
356 1892 444 1936 more
456 1871 580 1936 animos
591 1871 744 1954 ducimus,
754 1871 809 1934 sed
819 1873 994 1934 sementem

70 1955 200 2033 quandam
222 1959 354 2022 virtutis
382 1963 478 2042 atque
501 1959 665 2024 doctrinae
693 1959 842 2040 facimus,
870 1958 995 2022 nonin

71 2039 175 2128 levibus,
189 2047 386 2130 minimeque
400 2047 564 2132 frugiferis
577 2046 672 2110 rebus
687 2067 818 2129 operam
832 2045 995 2130 sumimus,

19 2159 21 2230 p
69 2129 109 2192 sed
122 2138 286 2218 praecepta
305 2135 494 2219 sapientiae,
517 2156 579 2218 qno
602 2134 729 2198 facilius
747 2134 782 2197 in
801 2133 925 2198 animos
947 2133 995 2197 in-

69 2214 156 2302 fluant,
172 2223 352 2286 insatiabili
366 2223 503 2306 quadam
522 2222 758 2286 admirabilium
773 2243 881 2286 rerum
894 2222 994 2286 varie-

67 2307 116 2368 tate
127 2310 299 2374 condimus.
327 2309 421 2395 Quid,
436 2333 509 2375 oum
523 2315 635 2376 ornate
651 2332 688 2374 aa
702 2311 830 2394 copiose
843 2311 996 2393 loquendi

67 2401 210 2481 praecepta
232 2399 405 2483 tradimus,
431 2399 540 2462 ludere
563 2399 720 2482 videmur,
748 2419 790 2462 an
814 2419 852 2462 ea
875 2398 996 2482 dooere,

67 2499 127 2561 quae
140 2507 263 2570 semper
276 2487 455 2571 prinoipem
472 2487 579 2551 locum
597 2487 633 2550 in
647 2487 735 2551 omni
751 2485 833 2550 bene
846 2486 996 2550 instituta

67 2568 170 2637 civitate
182 2574 383 2639 tenuerunt?
406 2573 461 2638 An
474 2576 647 2657 nescimus,
661 2575 878 2657 eloquentiam
892 2596 912 2637 a
925 2595 996 2658 gra-

67 2655 178 2726 ursinis
199 2663 387 2728 auctoribus
409 2685 517 2726 rerum
537 2663 681 2727 omnium
700 2663 847 2746 reginam
867 2661 997 2726 vocari?

66 2741 134 2810 Haeo
151 2751 236 2814 enim
255 2755 305 2814 est
322 2751 379 2814 illa
392 2751 508 2834 virtus,
527 2773 608 2834 quae
627 2751 803 2834 quamlibet
820 2751 855 2814 in
873 2753 998 2834 partem

66 2832 199 2901 arbitratu
218 2860 278 2902 suo
296 2838 398 2902 flectit
416 2839 615 2902 audientium
633 2840 772 2923 animos,
793 2860 910 2921 eosque
928 2839 998 2920 pul-

65 2921 504 3080 ttffittttttttttt
525 2927 787 3098 lllltllttl
808 2925 999 3078 qflltdfit

65 3099 111 3180 est,
142 3123 222 3184 quaa
256 3104 442 3168 consolatur
473 3107 666 3186 moerentes,
702 3102 840 3166 afflictos
873 3101 1000 3186 excitat,

65 3180 184 3253 iacentes
210 3191 320 3276 erigit,
348 3213 429 3274 quae
452 3192 614 3256 sceleratis
637 3191 733 3255 exitio
757 3194 819 3274 est,
846 3189 998 3254 innocen-

63 3270 131 3339 tibus
147 3279 324 3362 praesidio,
344 3280 499 3364 improbis
519 3280 647 3362 terrori,
667 3279 777 3362 probis
798 3283 998 3343 ornamento.

63 3354 117 3424 Hac
142 3363 254 3432 Cicero
285 3367 387 3432 fretus
416 3366 573 3432 Catilinae
604 3368 729 3431 furores
756 3370 789 3432 et
815 3367 937 3431 nefarie
964 3367 999 3430 in

63 3451 182 3526 patriam
204 3455 289 3519 inita
311 3456 445 3521 consilia
468 3456 647 3540 dissipavit3
669 3455 730 3525 hac
752 3458 885 3542 togatus
907 3475 999 3545 supe«

103 3563 243 3608 Munmron
822 3563 838 3609 2
